3332 5100
1653 373 2003 429 -138—

892 519 1041 583 119.
1138 515 1277 581 Sed
1310 534 1453 581 non
1486 516 1754 581 sufficit
1791 517 1881 581 ad
1923 515 2319 581 Concilium
2357 517 2700 599 generale
2746 535 2949 581 cons-

714 625 1112 687 tituendum
1150 623 1475 705 legitima
1511 625 1939 687 convocatio
1991 629 2207 707 atque
2243 623 2487 687 debita
2523 623 2944 687 celebratio:

716 731 808 793 ad
842 733 1079 811 robur,
1114 730 1208 794 ad
1233 731 1673 812 firmitatem,
1713 737 1783 793 et
1817 733 2425 811 complementum
2461 728 2954 793 Conciliorum

714 855 1012 901 necesse
1039 843 1169 919 est,
1209 843 1287 903 ut
1313 855 1628 901 canones
1664 842 1736 900 et
1773 837 2067 899 decreta
2105 836 2588 901 Conciliorum
2626 855 2668 897 a
2696 836 2952 897 Roma-

714 963 804 1007 no
834 944 1180 1008 Pontifice
1205 948 1368 1007 rata
1404 943 1839 1021 habeantur,
1880 961 2153 1025 suaque
2183 961 2523 1023 suprema
2558 943 2952 1005 auctorita-

716 1057 786 1115 te
824 1052 1407 1115 corroborentur.

892 1158 1306 1223 Necessitas
1360 1155 1775 1239 pontificiae
1837 1155 2403 1221 confirmationis
2465 1155 2556 1219 ad
2618 1155 2768 1219 vim
2840 1173 2952 1219 ca-

716 1267 1052 1331 nonicam
1133 1264 1616 1330 Conciliorum
1698 1265 2079 1345 multiplici
2161 1265 2443 1327 ratione
2495 1263 2780 1337 ostendi
2830 1281 2957 1345 po-

716 1379 880 1435 test.
938 1371 1037 1435 l.⁰
1087 1371 1541 1436 Auctoritate
1578 1370 1881 1452 Eugenii
1917 1371 2013 1435 IV
2051 1373 2121 1435 in
2159 1371 2449 1433 decreto
2485 1371 2772 1433 unionis
2822 1389 2956 1451 pro

716 1479 1092 1543 Jacobitis:
1155 1478 1483 1563 Suscipit,
1522 1478 1646 1561 ait,
1701 1485 1943 1543 sancta
1999 1479 2313 1543 Romana
2365 1479 2680 1543 Ecclesia
2726 1499 2960 1541 omnes

718 1586 1141 1651 universales
1175 1585 1485 1671 Synodos
1509 1587 1925 1650 auctoritate
1951 1587 2247 1649 Romani
2273 1587 2626 1673 Pontificis
2660 1585 2962 1669 legitime

720 1700 1183 1779 coizqreqatm,
1221 1714 1303 1757 ac
1336 1692 1733 1774 celebratas,
1769 1701 1831 1757 ct
1865 1695 2325 1777 confirmatas:
2361 1711 2451 1757 ex
2487 1691 2744 1773 quibus
2794 1709 2956 1755 ver-

718 1801 828 1863 bis
864 1800 1131 1881 liquide
1168 1799 1532 1881 colligitur
1568 1797 1893 1862 Concilia
1927 1801 2327 1879 generalia,
2379 1799 2515 1861 nisi
2564 1817 2606 1859 a
2634 1789 2958 1860 Romano

718 1905 1065 1967 Pontifice
1100 1902 2035 1984 confirmentur,illegitima
2065 1923 2245 1981 esse,
2273 1907 2608 1985 omnique
2634 1903 2962 1983 pondere

724 2019 796 2075 et
822 2010 1259 2074 auctoritate
1292 2028 1555 2074 vacua.
1607 2008 1712 2073 2.0
1760 2011 1869 2071 Ex
1903 2009 2059 2091 ipsa
2101 2009 2401 2073 Concilii
2431 2011 2796 2091 generalis
2838 2027 2962 2071 no-

724 2121 944 2197 tione3
986 2119 1252 2181 etenim
1278 2116 1629 2198 judicium
1665 2115 2185 2199 Episcoporum
2219 2117 2305 2179 de
2343 2117 2507 2179 fidei
2536 2133 2962 2197 morumque

724 2224 1289 2307 quaestionibuS,
1314 2224 1597 2286 etiamsi
1631 2223 1679 2286 ii
1715 2224 1789 2287 in
1809 2221 2205 2287 Concilium
2237 2223 2738 2301 convenerint,
2764 2239 2962 2285 erro-

723 2333 786 2395 ri
820 2332 1208 2395 obnoxium
1243 2349 1402 2395 esse
1454 2335 1720 2413 potest3
1789 2333 2097 2413 ideoque
2155 2331 2562 2393 haereticus
2598 2347 2744 2391 non
2796 2329 2960 2409 erit,

726 2439 846 2519 qui
880 2437 1054 2501 illud
1089 2438 1163 2501 in
1198 2438 1722 2501 dubitationem
1760 2445 1995 2519 vocet,
2035 2439 2153 2501 vel
2187 2439 2405 2499 etiam
2443 2437 2532 2499 ab
2570 2453 2654 2499 eo
2690 2435 2966 2499 dissen-

724 2547 880 2609 tiat.
936 2545 1028 2609 Ut
1060 2546 1281 2628 igitur
1315 2544 1724 2626 hujusmodi
1759 2546 2281 2626 Episcoporum
2335 2544 2685 2626 Judicium
2716 2544 2812 2606 ad
2846 2560 2966 2606 ca-

726 2653 1070 2716 tholicum
1105 2651 1369 2734 dogma
1404 2654 1795 2734 pertineat,
1835 2670 2135 2714 necesse
2171 2654 2457 2714 omnino
2495 2658 2626 2732 est,
2674 2658 2752 2712 ut
2788 2668 2966 2730 pon-

726 2762 948 2822 tificia
1032 2763 1410 2825 sanctione
1488 2761 1835 2824 firmetur.
1917 2760 2021 2822 3.⁰
2101 2760 2209 2822 Ex
2275 2760 2489 2840 praxi
2546 2758 2966 2822 eorumdem

728 2866 1234 2932 Conciliorum:
1294 2868 1556 2931 Patres
1595 2869 1783 2932 enim
1817 2868 2183 2930 Nicaeuae
2241 2866 2513 2948 Synodi
2540 2866 2614 2928 in
2654 2866 2968 2946 epistola

728 2976 820 3038 ad
852 2976 920 3038 S.
964 2976 1392 3040 silvestrum
1423 2975 1845 3039 Pontificem
1883 2976 2501 3038 confirmationem
2552 2974 2642 3036 ab
2706 2974 2962 3036 eodem

725 3082 836 3146 his
872 3085 1116 3148 verbis
1153 3083 1454 3164 petiere:
1514 3080 1861 3166 Quidquid
1919 3086 2415 3166 constituimus,
2455 3104 2836 3166 precamur
2892 3090 2970 3146 ut

742 3192 962 3256 Vestri
996 3195 1139 3258 oris
1165 3194 1502 3257 consortio
1531 3196 1989 3279 confirmatum·
2027 3194 2279 3256 Patres
2321 3194 2624 3258 Concilii
2662 3192 2962 3256 Chalce-

730 3300 1092 3380 donensis,
1131 3301 1319 3362 hanc
1353 3318 1638 3381 quoque
1681 3302 1945 3382 agendi
1999 3302 2354 3364 rationem
2421 3304 2734 3382 sequuti,
2796 3306 2966 3364 acta

728 3408 890 3490 ipsa
926 3408 1018 3470 ad
1050 3406 1119 3471 S.
1158 3407 1474 3471 Leonem
1508 3409 1847 3489 Magnum
1875 3408 2261 3472 misserunt
2295 3428 2437 3472 una
2463 3426 2624 3472 cum
2652 3408 2966 3490 epistola

729 3516 804 3578 in
840 3532 982 3596 qua
1016 3512 1335 3595 ajebant:
1373 3515 1716 3579 Mittimus
1763 3516 1855 3578 ad
1909 3536 2159 3596 eorum,
2209 3536 2379 3598 quae
2425 3536 2469 3578 a
2528 3516 2720 3578 ‘nobis
2778 3522 2968 3598 ‚qesta

728 3632 906 3704 sant,
934 3624 1359 3710 firmitatem:
1391 3629 1464 3685 et
1497 3640 1657 3685 cum
1687 3622 2023 3686 Pontifex
2049 3640 2194 3686 non
2223 3624 2722 3686 confirmasset
2750 3638 2968 3684 cano-

732 3750 892 3794 nem
932 3731 1334 3795 Ecclesiam
1368 3728 2253 3810 Oonstantinopolitanam
2287 3748 2507 3812 supra
2544 3728 2764 3792 Sedes
2802 3730 2966 3792 Ale-

730 3838 1083 3901 xandriae
1149 3842 1222 3901 et
1284 3838 1763 3902 Anthiochiae
1823 3840 2319 3918 extollentem,
2381 3840 2515 3902 hoc
2578 3836 2970 3902 Chalcedo-

732 3964 958 4008 nense
994 3948 1361 4011 decretum
1387 3947 1531 4012 vim
1560 3966 1647 4011 ac
1675 3950 1999 4012 valorem
2035 3948 2325 4010 minime
2355 3948 2684 4010 obtinuit.
2726 3948 2832 4010 4.⁰
2862 3946 2972 4012 Ex

736 4054 1053 4116 unanimi
1088 4053 1462 4118 Ecclesiae
1496 4073 1875 4118 consensu:
1919 4076 2085 4120 nam
2115 4056 2447 4120 Ecclesia
2477 4056 2852 4120 Catholica
2884 4074 2974 4120 ea

734 4166 1016 4224 tantum
1050 4160 1374 4228 Concilia
1408 4164 1669 4246 recipit
1717 4169 2087 4248 tamquam
2140 4166 2489 4248 legitima,
2554 4166 2674 4230 vel
2732 4164 2978 4246 rejicit

732 4270 936 4334 velut
960 4270 1363 4353 ilegitima„
1426 4290 1611 4354 quae
1639 4290 1683 4335 a
1709 4270 2015 4336 Summis
2045 4272 2513 4338 Pontificibus
2566 4272 2978 4356 approbata

736 4378 858 4444 vel
894 4379 1285 4460 reprobata
1317 4387 1504 4446 sunt.
