3332 5100
1280 390 1641 451 -149--

337 534 588 618 plures
622 535 804 600 alias
837 535 975 600 hac
1033 537 1121 602 de
1175 555 1255 601 re
1325 537 1837 620 dispositiones
1898 555 2026 602 seu
2085 537 2582 605 ordinationes

336 643 593 706 statuit
625 661 712 707 ac
745 643 1264 726 promulgavit.
1304 643 1410 707 3.⁰
1445 643 1644 708 Sicut
1680 643 1871 708 enim
1919 643 2369 710 Novatorum
2434 665 2587 730 sys-

335 752 533 813 tema
569 753 642 814 et
678 753 875 813 ortus
910 749 1490 814 Protestantismi
1539 750 1629 814 ob
1687 749 2275 832 perturbationes
2334 753 2408 816 in
2464 770 2587 835 po-

335 856 527 938 pulis
566 856 978 920 christianis
1037 856 1371 920 inductas
1444 874 1712 920 novam
1778 855 2154 937 distinguit
2210 857 2589 940 periodum

335 962 407 1026 in
441 962 682 1026 studio
721 961 1288 1027 Ecclesiasticae
1321 962 1717 1044 Historiae,
1756 962 1859 1027 ita
1892 962 2111 1027 etiam
2164 961 2587 1030 Oecumeni-

335 1086 462 1132 cus
499 1068 1033 1151 Episcoporum
1069 1073 1342 1150 coetuS,
1371 1068 1698 1154 Tridenti
1720 1073 2165 1135 convocatus
2194 1073 2266 1134 et
2298 1069 2589 1134 habitus

337 1175 426 1238 ad
461 1175 955 1240 damnandum
1009 1175 1147 1240 hoc
1181 1175 1670 1258 perniciosum
1700 1179 2028 1257 systema
2080 1179 2153 1240 et
2215 1177 2589 1242 exitialem

334 1281 726 1364 haeresim,
757 1300 1022 1348 novam
1063 1284 1440 1348 constituit
1471 1284 1827 1367 epocham
1878 1284 1957 1348 in
2015 1285 2183 1366 jure
2235 1286 2590 1350 canonico

337 1390 406 1451 et
439 1389 994 1454 ecclesiasticae
1030 1388 1512 1471 legislationis
1561 1390 1889 1454 historia.
1954 1389 2062 1453 4.⁰
2117 1390 2373 1456 Patres
2436 1391 2588 1456 Tri-

337 1495 618 1560 dentini
653 1497 727 1560 in
761 1497 938 1560 suis.
962 1495 1244 1579 legibus
1283 1497 1678 1562 condendis
1713 1497 2190 1578 proculdubio
2211 1516 2391 1581 prae
2426 1516 2588 1564 ocu-

335 1603 424 1666 lis
457 1603 878 1667 habuerunt
916 1601 1483 1669 Constitutiones
1511 1604 1931 1668 Pontificias
1983 1609 2055 1668 et
2105 1589 2592 1671 Conciliorum

337 1710 640 1774 decreta
671 1715 839 1793 post
872 1712 1340 1776 collectiones
1379 1711 1874 1776 Decretalium
1914 1712 2111 1776 edita
2147 1717 2219 1777 et
2274 1714 2592 1779 nondum

336 1817 409 1880 in
439 1815 786 1882 Codicem
821 1819 1080 1883 relata.
1135 1817 1246 1882 5.⁰
1303 1819 1728 1883 Tridentina
1785 1817 2116 1901 Synodus
2149 1838 2295 1885 non
2359 1821 2591 1886 solum

336 1926 586 1991 ubivis
619 1926 966 2008 gentium,
999 1926 1121 1990 vel
1156 1927 1311 1990 fere
1347 1926 1421 1991 in
1459 1927 1789 1990 omnibus
1824 1926 2069 2008 regnis
2100 1931 2405 2011 recepta
2427 1930 2588 2012 fuit,

337 2033 465 2096 sed
492 2032 718 2098 etiam
751 2035 1081 2116 pluribus
1140 2034 1216 2097 in
1274 2034 1654 2098 catholicis
1710 2034 2126 2099 nationibus
2182 2036 2413 2101 veluti
2469 2037 2593 2102 lex

337 2139 588 2205 Status
625 2140 1026 2205 declarata
1081 2143 1214 2223 est,
1245 2142 1436 2206 unde
1487 2140 1811 2223 ejusdem
1862 2145 2137 2206 statuta
2188 2144 2261 2206 et
2298 2142 2593 2208 decreta

335 2248 858 2314 Nomocanones
895 2253 969 2312 et
1001 2249 1469 2314 nominantur
1504 2254 1576 2313 et
1609 2250 1996 2315 habentur.

517 2353 728 2435 Quod
757 2356 852 2418 ad
876 2355 1306 2438 Hispaniam
1331 2357 1617 2438 attinet,
1661 2355 2063 2422 Concilium
2092 2357 2593 2423 Tridentinum

338 2462 706 2544 integrum
741 2467 814 2540 et
847 2464 1047 2527 nulla
1085 2464 1410 2528 adhibita
1437 2464 1901 2529 restrictione
1937 2483 1981 2527 a
2004 2464 2337 2548 Philippo
2371 2467 2443 2530 II
2470 2467 2591 2530 ad-

337 2570 640 2635 missum
675 2571 814 2634 fuit
849 2571 1104 2653 Regali
1140 2570 1500 2636 Schedula
1536 2573 1650 2638 die
1689 2572 1769 2635 12
1804 2572 1847 2635 J
1852 2572 2002 2635 unii
2036 2572 2207 2634 anni
2244 2573 2417 2637 1564
2448 2573 2594 2637 Ma·

337 2677 493 2740 triti
524 2677 894 2759 expedita,
921 2679 1196 2742 inserta
1218 2680 1293 2742 in
1329 2677 1592 2743 Codice
1620 2680 2077 2744 Novissimae
2112 2680 2592 2762 Recepilatio-

336 2783 476 2866 niS,
515 2783 661 2865 leg.
705 2784 812 2866 13,
834 2786 943 2848 tit.
984 2785 1045 2867 1,
1079 2785 1202 2848 lib.
1245 2786 1308 2867 1,
1345 2790 1563 2869 atque
1603 2787 1865 2849 iterum
1897 2803 1939 2848 a
1968 2776 2228 2849 Carolo
2264 2786 2365 2850 IV
2400 2804 2594 2850 nova

335 2890 414 2955 vi
446 2908 542 2953 ac
574 2891 831 2972 vigore
861 2909 1049 2955 anno
1090 2891 1262 2955 1803
1295 2893 1594 2972 munita;
1633 2909 1778 2974 qua
1833 2892 1921 2955 de
1956 2910 2179 2955 causa
2211 2892 2425 2955 hodie
2454 2893 2586 2957 No·

339 3017 752 3061 mocanones
795 2996 1191 3061 Tridentini
1227 3001 1594 3079 tamquam
1631 2999 1832 3079 leges
1868 2998 2203 3079 vigentes
2236 2998 2311 3060 in
2344 2997 2594 3061 Tribu-

340 3102 632 3167 nalibus
661 3122 704 3167 a
742 3103 1292 3185 Magistratibus
1325 3104 1828 3168 saecularibus
1863 3104 2343 3168 adducuntur.

529 3209 680 3274 126.
778 3210 1116 3275 Decretis
1145 3210 1701 3294 Concilia-ribuS‚
1732 3230 1918 3294 quae
1952 3212 2224 3277 fontem
2251 3211 2295 3276 J
2301 3210 2449 3275 uris
2474 3229 2595 3275 no·

344 3316 628 3381 vissimi
689 3317 1038 3400 efficiunt,
1081 3317 1524 3400 adjungendi
1557 3325 1727 3383 sunt
1762 3337 2079 3383 canones
2116 3317 2420 3383 Concilii
2457 3318 2595 3382 Va·

341 3425 596 3507 ticani,
637 3426 730 3488 ad
758 3427 989 3490 nostri
1025 3427 1372 3510 temporis
1429 3426 1867 3508 multiplices
1900 3444 2186 3491 errores
2252 3426 2596 3489 damnan-

345 3532 501 3616 dos,
539 3551 826 3597 necnon
857 3534 1038 3598 cleri
1073 3534 1532 3615 disciplinam
1562 3533 2105 3597 reformandam
2158 3551 2200 3596 a
2248 3531 2318 3597 S.
2358 3532 2597 3596 Ponti-

345 3640 483 3705 fice
513 3640 639 3705 Pio
676 3641 783 3705 IX
843 3645 1102 3724 gratae
1169 3644 1244 3705 et
1305 3641 1546 3705 felicis
1615 3639 2147 3705 recordationis
2183 3636 2593 3702 convocati.

347 3746 720 3829 Ejusmodi
751 3753 1122 3832 postrema
1184 3747 1672 3815 Oecumenica
1709 3747 2039 3829 Synodus
2067 3745 2443 3810 Ecclesiae
2483 3762 2600 3809 ca-

349 3854 665 3920 tholicae
700 3857 774 3921 in
797 3856 1114 3921 Basilica
1142 3857 1506 3921 Vaticana
1537 3855 1959 3920 solemniter
1994 3855 2333 3934 incoepta
2352 3856 2464 3916 est
2484 3853 2598 3917 die

349 3960 394 4024 8
424 3960 848 4028 Decembris
883 3965 1059 4027 anni
1096 3964 1292 4027 1870.
1327 3962 1468 4027 Sed
1487 3966 1654 4045 post
1680 3965 1992 4044 quatuor
2016 3960 2425 4024 celebratas
2453 3977 2598 4023 ses-

352 4068 617 4151 siones,
657 4070 953 4134 Romam
989 4071 1506 4135 invadentibus
1542 4069 2022 4134 sectariorum
2080 4066 2334 4149 copiis,
2400 4065 2599 4131 Sum·

353 4194 510 4241 mus
543 4177 880 4242 Pontifex
905 4177 981 4241 in
1033 4178 1438 4242 luctuosam
1491 4175 2003 4260 captivitatem
2055 4174 2423 4255 redactus,
2453 4192 2598 4237 ma-

356 4284 549 4349 ximo
597 4304 759 4350 cum
795 4286 1047 4368 populi
1093 4286 1470 4350 christia-ni
1533 4302 1891 4366 moerore,
1954 4284 2109 4364 eJus
2174 4280 2601 4347 celebratio·
2694 4310 2700 4315 ·
