3332 5100
1290 346 1643 413 -361-

344 512 498 561 nem
536 503 609 559 et
654 496 943 557 formam
986 497 1201 557 omnis
1236 497 1624 572 respublica
1682 496 2453 557 traducatur.—Harum
2481 511 2585 557 re-

343 596 494 639 rum
549 579 1142 653 adipiscendarum
1192 578 1366 637 ratio
1416 578 1738 638 constitui
1793 594 1923 637 uno
2001 586 2323 652 certoque
2388 580 2583 640 modo

344 660 526 719 haud
559 660 905 720 commode
935 666 1179 733 potest,
1235 675 1385 717 cum
1424 660 1686 719 'debeat
1719 658 2006 733 singulis
2054 659 2222 717 locis
2274 660 2584 733 tempori-

345 742 629 814 busque,
682 756 855 814 quae
913 748 1068 797 sunt
1122 741 1405 799 multum
1443 742 1619 800 inter
1683 755 1754 797 se
1813 738 2136 813 disparia,
2194 740 2582 797 convenire.

344 821 793 880 Nihilominus
866 821 1336 879 conservanda
1396 821 1467 881 in
1525 820 1760 894 primis
1816 827 1918 879 est
1965 821 2389 878 voluntatum
2434 835 2587 878 con-

347 902 603 975 cordia,
638 901 1165 975 quaerendaque
1213 902 1629 975 agendorum
1673 900 2061 958 similitudo.
2085 900 2306 973 Atque
2340 901 2588 974 optime

346 991 704 1055 utrumque
759 981 1253 1054 impetrabitur,
1318 980 1373 1039 si
1427 981 1852 1056 praescripta
1909 980 2102 1039 Sedis
2153 980 2587 1055 Apostolicae

347 1062 569 1136 legem
597 1062 781 1120 vitae
810 1062 1065 1135 singuli
1108 1066 1364 1134 putent,
1422 1072 1627 1135 atque
1685 1060 2035 1134 Episcopis
2093 1062 2584 1135 obtemperent,

350 1157 515 1216 quos
574 1142 865 1220 Spiritus
922 1148 1191 1200 sanctus
1226 1143 1457 1219 posuit
1500 1158 1714 1219 reyes-e
1755 1141 2123 1199 Ecclesiam
2195 1142 2320 1199 Dei
2369 1142 2587 1219 21).--

346 1222 666 1281 Defensio
697 1222 970 1296 quidem
996 1222 1313 1281 catholici
1353 1223 1641 1281 nominis
1674 1221 2058 1279 necessario
2093 1222 2386 1295 postulat
2415 1234 2489 1280 ut
2518 1221 2587 1279 in

348 1303 744 1377 profitendis
787 1303 1135 1374 doctrinis,
1186 1318 1359 1375 quae
1392 1304 1477 1361 ab
1536 1302 1846 1361 Ecclesia
1894 1302 2276 1373 traduntur,
2336 1317 2471 1361 una
2503 1302 2590 1359 sit

348 1383 645 1443 omnium
701 1382 1059 1455 sententia,
1092 1390 1159 1441 et
1208 1398 1467 1441 summa
1513 1382 1918 1454 constantia,
1973 1389 2041 1440 et
2067 1382 2198 1441 hac
2249 1398 2339 1441 ex
2395 1388 2590 1456 parte

350 1464 731 1523 cavendum
772 1478 857 1523 ne
916 1463 1067 1537 quis
1128 1462 1555 1537 opinionibus
1610 1463 1803 1521 falsis
1833 1470 1950 1522 aut
2001 1462 2137 1521 ullo
2196 1464 2389 1521 modo
2436 1478 2587 1522 con-

354 1544 605 1616 niveat,
660 1550 779 1601 aut
804 1544 1069 1603 mellius
1105 1543 1398 1616 resistat,
1442 1560 1645 1618 quam
1693 1543 1948 1602 veritas
2003 1542 2324 1616 patiatur.
2357 1541 2456 1601 De
2506 1543 2590 1603 iis

351 1640 525 1699 quae
557 1632 711 1683 sunt
766 1623 1157 1699 opinabilia,
1223 1624 1459 1682 licebit
1519 1640 1672 1684 cum
1719 1622 2180 1684 moderatione
2234 1623 2590 1696 studioque

348 1705 781 1777 indagandae
822 1705 1132 1763 veritatis
1162 1704 1530 1778 disputare,
1567 1704 1801 1778 procul
1836 1712 2062 1762 tamen
2091 1704 2591 1777 suspicionibus

350 1785 717 1857 iniuriosis,
780 1784 1497 1858 criminationibusque
1554 1782 2130 1857 mutuis—Quam
2177 1784 2265 1841 ad
2315 1799 2458 1841 rem
2505 1800 2591 1842 ne

350 1866 724 1925 animorum
756 1866 1141 1924 coniunctio
1185 1866 1592 1924 criminandi
1646 1865 2024 1923 temeritate
2061 1865 2439 1936 dirimatur,
2491 1866 2592 1923 sic

350 1946 738 2020 intelligant
801 1946 1124 2003 universi:
1189 1946 1653 2020 integritatem
1717 1945 2156 2019 professionis
2213 1946 2592 2003 catholicae

351 2027 721 2085 consistere
761 2041 1190 2099 nequaquam
1217 2042 1410 2101 posse
1440 2043 1595 2085 cum
1625 2026 2053 2100 opinionibus
2095 2025 2200 2083 ad·
2225 2026 2590 2083 naturalis·

350 2124 533 2165 mum
562 2107 665 2165 vel
701 2107 1243 2165 rationalismum
1299 2107 1809 2179 accedentibuS‚
1864 2122 2150 2179 quarum
2181 2122 2439 2164 summa
2489 2112 2593 2165 est

351 2188 589 2245 tollere
619 2188 925 2245 funditus
955 2188 1263 2245 instituta
1288 2188 1682 2260 christiana,
1727 2187 2150 2259 hominisque
2183 2186 2495 2245 stabilire
2521 2186 2593 2244 in

352 2267 677 2326 societate
708 2267 1183 2341 principatum,
1213 2269 1595 2341 posthabito
1645 2266 2161 2325 Deo.--Pariter
2218 2282 2349 2326 non
2385 2267 2592 2325 licere

352 2348 558 2407 aliam
626 2348 836 2405 officii
904 2348 1189 2407 formam
1234 2349 1553 2421 privatim
1605 2348 1821 2421 sequi,
1877 2348 2079 2405 aliam
2142 2348 2436 2420 publice,
2496 2346 2592 2405 ita

352 2429 617 2487 scilicet
647 2435 721 2486 ut
750 2428 1096 2486 Ecclesiae
1128 2430 1495 2487 auctoritas
1552 2428 1623 2486 in
1654 2429 1792 2486 vita
1846 2428 2116 2501 privata
2170 2428 2590 2498 observetur,

354 2509 424 2568 in
497 2508 771 2584 publica
818 2517 1201 2583 respuatur.
1248 2508 1392 2569 Hoc
1450 2509 1629 2568 enim
1686 2516 1864 2566 esset
1920 2509 2202 2566 honesta
2252 2514 2318 2566 et
2369 2507 2594 2581 turpia

353 2591 791 2665 coniungere,
825 2590 1293 2663 hominemque
1344 2607 1575 2650 secum
1604 2589 1836 2647 facere
1877 2589 2386 2663 digladiantem,
2441 2604 2594 2647 cum

355 2678 591 2729 contra
622 2671 869 2736 debeat
927 2671 1056 2728 sibi
1075 2686 1339 2744 semper
1378 2679 1716 2749 constare,
1749 2685 1970 2742 neque
2001 2671 2140 2727 ulla
2168 2670 2339 2727 inre
2363 2668 2592 2728 ullove

352 2752 424 2810 in
488 2767 740 2825 genere
790 2751 972 2808 vitae
1002 2755 1043 2808 a
1093 2751 1343 2808 virtute
1402 2751 1772 2808 christiana
1829 2749 2482 2808 deficere.-.-Verum
2537 2748 2596 2807 si

355 2838 726 2906 quaeratur
782 2831 865 2889 de
913 2831 1289 2890 rationibus
1346 2847 1526 2890 mere
1560 2830 1873 2905 politiciS,
1911 2831 1994 2887 de
2047 2830 2294 2903 optimo
2343 2844 2614 2904 genere.

353 2912 796 2984 reipublicae,
834 2912 914 2969 de
948 2912 1340 2970 ordinandis
1388 2912 1525 2970 alia
1554 2912 1665 2969 vel
1697 2911 1832 2970 alia
1881 2911 2143 2969 ratione
2175 2911 2592 2979 civitatibus»,

354 2993 588 3065 utique
624 2993 707 3048 de
761 2991 863 3049 his
892 2993 1095 3050 rebus
1123 3001 1344 3066 potest
1393 2994 1674 3050 honesta
1709 3007 1858 3051 esse
1917 2991 2264 3049 dissenti0.
2301 2989 2598 3063 Quorum

354 3073 565 3146 igitur
616 3074 887 3146 cognita
956 3072 1305 3145 ceteroqui
1373 3074 1587 3146 pietas
1646 3078 1770 3144 est,
1845 3072 2242 3144 animusque
2318 3075 2596 3129 decreta

356 3152 551 3210 Sedis
613 3153 1039 3225 Apostolicae
1100 3153 1494 3210 obedienter
1565 3152 1879 3225 accipere
1937 3160 2235 3225 paratuS,
2289 3151 2373 3208 iis
2429 3150 2594 3208 vitio

354 3233 532 3291 verti
576 3233 1075 3290 dissentaneam
1131 3234 1215 3291 de
1272 3234 1497 3306 rebuS,
1560 3249 1729 3306 quas
1807 3233 2124 3303 diximuS,
2189 3231 2596 3290 sententiam

356 3313 615 3374 iustitia
670 3329 803 3370 non
878 3313 1153 3386 patitur:
1212 3315 1555 3386 multoque
1625 3320 1728 3370 est
1797 3313 2010 3370 maior
2067 3311 2338 3385 iniuria,
2403 3313 2458 3368 si
2525 3310 2594 3368 in

357 3395 614 3453 crimen
665 3394 960 3452 violatae
1016 3401 1461 3468 suspectaeve
1519 3393 1678 3450 fidei
1749 3392 2151 3465 catholicae,
2214 3393 2392 3467 quod
2463 3407 2596 3449 non

358 3475 567 3534 semel
634 3473 892 3532 factum
962 3474 1261 3532 dolemus
1331 3475 1782 3531 adducantur.
1815 3509 1880 3516 —
1917 3471 2337 3547 Omninoque
2420 3472 2600 3530 istud

355 3562 792 3629 praeceptum
838 3561 1114 3618 teneant
1144 3555 1259 3627 qui
1304 3555 1754 3628 cogitationes
1803 3568 1962 3612 suas
2011 3554 2228 3613 solent
2272 3552 2597 3611 mandare

356 3635 624 3706 litteris,
660 3635 1086 3708 maximeque
1144 3635 1646 3708 ephemeridum
1677 3644 2012 3692 auctores,
2059 3633 2137 3691 In
2167 3636 2296 3692 hac
2328 3633 2603 3706 quidem

356 3715 441 3774 de
489 3716 693 3773 rebus
724 3715 1037 3774 maximis
1091 3717 1519 3776 contentione
1550 3715 1716 3773 nih-il
1756 3721 1858 3772 est
1886 3714 2223 3773 intestinis
2255 3719 2600 3771 concerta-

357 3796 677 3867 tionibus,
712 3797 823 3854 vel
878 3796 1174 3869 partium
1220 3796 1460 3854 studiis
1518 3795 2038 3867 relinquendum
2088 3794 2247 3866 loci,
2297 3794 2417 3851 sed
2445 3808 2600 3852 con·

358 3875 773 3950 spirantibus
824 3876 1065 3936 animis
1111 3877 1488 3950 studiisque
1519 3877 1588 3933 id
1618 3876 1869 3933 debent
1900 3876 2202 3933 universi
2242 3874 2602 3932 contende-

354 3972 457 4028 re,
513 3957 693 4030 quod
748 3965 850 4013 est
906 3972 1257 4014 commune
1313 3957 1610 4014 omnium
1683 3955 2118 4030 propositum,
2199 3955 2604 4028 religionem

356 4051 639 4110 remque
700 4037 1043 4109 publicam
1072 4052 1502 4098 conservare.
1552 4035 1622 4096 Si
1665 4037 1829 4116 quid
1891 4036 2104 4110 igitur
2171 4035 2604 4096 dissidiorum

359 4124 563 4180 antea
607 4116 759 4190 fuit,
816 4124 1077 4193 oportet
1096 4117 1480 4179 voluntaria
1512 4117 1808 4193 quadam
1851 4116 2192 4178 oblivione
2224 4120 2598 4178 contereres

510 4292 589 4364 (1)
659 4289 785 4347 Act.
806 4288 941 4363 XX,
967 4287 1057 4348 28.
