<?xml version="1.0" encoding="UTF-8"?>
<!DOCTYPE html PUBLIC "-//W3C//DTD XHTML 1.0 Transitional//EN"
    "http://www.w3.org/TR/xhtml1/DTD/xhtml1-transitional.dtd">
<html xmlns="http://www.w3.org/1999/xhtml" xml:lang="en" lang="en">
 <head>
  <title>
</title>
<meta http-equiv="Content-Type" content="text/html;charset=utf-8" />
  <meta name='ocr-system' content='tesseract 3.04.00' />
  <meta name='ocr-capabilities' content='ocr_page ocr_carea ocr_par ocr_line ocrx_word'/>
</head>
<body>
  <div class='ocr_page' id='page_1' title='image "./introductioinju00ferngoog_0238.png"; bbox 0 0 3332 5100; ppageno 0'>
   <div class='ocr_carea' id='block_1_1' title="bbox 1730 319 2086 379">
    <p class='ocr_par' dir='ltr' id='par_1_1' title="bbox 1730 319 2086 379">
     <span class='ocr_line' id='line_1_1' title="bbox 1730 319 2086 379; baseline -0.003 0"><span class='ocrx_word' id='word_1_1' title='bbox 1730 319 2086 379; x_wconf 85' lang='lat'>—218—</span> 
     </span>
    </p>
   </div>
   <div class='ocr_carea' id='block_1_2' title="bbox 791 465 3054 3979">
    <p class='ocr_par' dir='ltr' id='par_1_2' title="bbox 791 465 3021 656">
     <span class='ocr_line' id='line_1_2' title="bbox 791 465 3021 554; baseline -0 -22"><span class='ocrx_word' id='word_1_2' title='bbox 791 467 1056 552; x_wconf 72' lang='lat' dir='ltr'><strong>Requla</strong></span> <span class='ocrx_word' id='word_1_3' title='bbox 1083 465 1246 552; x_wconf 82' lang='lat' dir='ltr'><strong>fidei</strong></span> <span class='ocrx_word' id='word_1_4' title='bbox 1280 485 1420 530; x_wconf 78' lang='lat' dir='ltr'><strong>una</strong></span> <span class='ocrx_word' id='word_1_5' title='bbox 1453 466 1726 530; x_wconf 78' lang='lat' dir='ltr'><strong>omnino</strong></span> <span class='ocrx_word' id='word_1_6' title='bbox 1763 472 1879 548; x_wconf 73' lang='lat' dir='ltr'><strong>est,</strong></span> <span class='ocrx_word' id='word_1_7' title='bbox 1918 466 2085 547; x_wconf 84' lang='lat' dir='ltr'><strong>sola,</strong></span> <span class='ocrx_word' id='word_1_8' title='bbox 2122 465 2493 531; x_wconf 76' lang='lat' dir='ltr'><strong>immobilis</strong></span> <span class='ocrx_word' id='word_1_9' title='bbox 2528 475 2591 533; x_wconf 90' lang='lat' dir='ltr'><strong>et</strong></span> <span class='ocrx_word' id='word_1_10' title='bbox 2622 468 3021 554; x_wconf 82' lang='lat' dir='ltr'><strong>irreforma-</strong></span> 
     </span>
     <span class='ocr_line' id='line_1_3' title="bbox 795 575 1107 656; baseline -0.01 -18"><span class='ocrx_word' id='word_1_11' title='bbox 795 575 957 640; x_wconf 76' lang='lat' dir='ltr'><strong>bilis</strong></span> <span class='ocrx_word' id='word_1_12' title='bbox 985 575 1107 656; x_wconf 87' lang='lat' dir='ltr'><strong>(l).</strong></span> 
     </span>
    </p>

    <p class='ocr_par' dir='ltr' id='par_1_3' title="bbox 796 661 3039 1618">
     <span class='ocr_line' id='line_1_4' title="bbox 973 661 3029 765; baseline 0.002 -23"><span class='ocrx_word' id='word_1_13' title='bbox 973 678 1080 742; x_wconf 69' lang='lat'><strong>2.⁸</strong></span> <span class='ocrx_word' id='word_1_14' title='bbox 1176 677 1655 746; x_wconf 75' lang='lat' dir='ltr'><strong>Communione</strong></span> <span class='ocrx_word' id='word_1_15' title='bbox 1690 661 2155 746; x_wconf 69' lang='lat' dir='ltr'><strong>ecclesiastica</strong></span> <span class='ocrx_word' id='word_1_16' title='bbox 2210 688 2547 764; x_wconf 77' lang='lat' dir='ltr'><strong>manente,</strong></span> <span class='ocrx_word' id='word_1_17' title='bbox 2586 682 2790 746; x_wconf 79' lang='lat' dir='ltr'><strong>varia</strong></span> <span class='ocrx_word' id='word_1_18' title='bbox 2804 687 3029 765; x_wconf 78' lang='lat' dir='ltr'><strong>potest</strong></span> 
     </span>
     <span class='ocr_line' id='line_1_5' title="bbox 796 785 3030 870; baseline -0.002 -17"><span class='ocrx_word' id='word_1_19' title='bbox 796 809 938 854; x_wconf 77' lang='lat' dir='ltr'><strong>esse</strong></span> <span class='ocrx_word' id='word_1_20' title='bbox 984 786 1387 870; x_wconf 70' lang='lat' dir='ltr'><strong><em>Disciplina</em></strong></span> <span class='ocrx_word' id='word_1_21' title='bbox 1426 785 1922 866; x_wconf 70' lang='lat' dir='ltr'><strong>Ecclesiam-m,</strong></span> <span class='ocrx_word' id='word_1_22' title='bbox 1976 786 2189 867; x_wconf 79' lang='lat' dir='ltr'><strong>Juxta</strong></span> <span class='ocrx_word' id='word_1_23' title='bbox 2241 805 2538 851; x_wconf 81' lang='lat' dir='ltr'><strong>auream</strong></span> <span class='ocrx_word' id='word_1_24' title='bbox 2597 787 3030 851; x_wconf 82' lang='lat' dir='ltr'><strong>sententiam</strong></span> 
     </span>
     <span class='ocr_line' id='line_1_6' title="bbox 797 893 3033 982; baseline -0 -21"><span class='ocrx_word' id='word_1_25' title='bbox 797 897 870 961; x_wconf 86' lang='lat' dir='ltr'><strong>S.</strong></span> <span class='ocrx_word' id='word_1_26' title='bbox 905 894 1314 978; x_wconf 82' lang='lat' dir='ltr'>Augustini:</span> <span class='ocrx_word' id='word_1_27' title='bbox 1357 893 1552 970; x_wconf 82' lang='lat' dir='ltr'><strong>Quod</strong></span> <span class='ocrx_word' id='word_1_28' title='bbox 1589 897 1769 960; x_wconf 82' lang='lat' dir='ltr'><strong>enim</strong></span> <span class='ocrx_word' id='word_1_29' title='bbox 1794 915 2005 978; x_wconf 79' lang='lat' dir='ltr'><strong>neque</strong></span> <span class='ocrx_word' id='word_1_30' title='bbox 2040 902 2280 961; x_wconf 79' lang='lat' dir='ltr'><strong>contra</strong></span> <span class='ocrx_word' id='word_1_31' title='bbox 2297 895 2527 982; x_wconf 85' lang='lat' dir='ltr'><strong>fidem,</strong></span> <span class='ocrx_word' id='word_1_32' title='bbox 2557 916 2769 978; x_wconf 76' lang='lat' dir='ltr'><strong>neque</strong></span> <span class='ocrx_word' id='word_1_33' title='bbox 2796 902 3033 961; x_wconf 79' lang='lat' dir='ltr'><strong>contra</strong></span> 
     </span>
     <span class='ocr_line' id='line_1_7' title="bbox 799 1000 3027 1088; baseline -0.002 -20"><span class='ocrx_word' id='word_1_34' title='bbox 799 1005 1004 1068; x_wconf 78' lang='lat' dir='ltr'><strong>bonos</strong></span> <span class='ocrx_word' id='word_1_35' title='bbox 1067 1022 1288 1068; x_wconf 80' lang='lat' dir='ltr'><strong>mores</strong></span> <span class='ocrx_word' id='word_1_36' title='bbox 1321 1003 1731 1087; x_wconf 74' lang='lat' dir='ltr'><strong>injunyitur,</strong></span> <span class='ocrx_word' id='word_1_37' title='bbox 1790 1002 2282 1088; x_wconf 78' lang='lat' dir='ltr'><strong><em>indifferenter</em></strong></span> <span class='ocrx_word' id='word_1_38' title='bbox 2328 1003 2714 1068; x_wconf 75' lang='lat' dir='ltr'><strong>habendum</strong></span> <span class='ocrx_word' id='word_1_39' title='bbox 2762 1010 2863 1068; x_wconf 78' lang='lat' dir='ltr'><strong>est</strong></span> <span class='ocrx_word' id='word_1_40' title='bbox 2910 1000 3027 1083; x_wconf 80' lang='lat'><strong>(2).</strong></span> 
     </span>
     <span class='ocr_line' id='line_1_8' title="bbox 798 1108 3031 1192; baseline -0.001 -18"><span class='ocrx_word' id='word_1_41' title='bbox 798 1109 988 1174; x_wconf 91' lang='lat' dir='ltr'><strong>Hinc</strong></span> <span class='ocrx_word' id='word_1_42' title='bbox 1034 1108 1442 1191; x_wconf 78' lang='lat' dir='ltr'><strong>peculiares</strong></span> <span class='ocrx_word' id='word_1_43' title='bbox 1469 1108 1827 1190; x_wconf 83' lang='lat' dir='ltr'><strong>quaedam</strong></span> <span class='ocrx_word' id='word_1_44' title='bbox 1875 1108 2279 1192; x_wconf 81' lang='lat' dir='ltr'><strong>Ecclesiae,</strong></span> <span class='ocrx_word' id='word_1_45' title='bbox 2317 1110 2550 1187; x_wconf 77' lang='lat' dir='ltr'><strong>veluti</strong></span> <span class='ocrx_word' id='word_1_46' title='bbox 2608 1108 3031 1190; x_wconf 89' lang='lat' dir='ltr'><strong>Orientalis,</strong></span> 
     </span>
     <span class='ocr_line' id='line_1_9' title="bbox 800 1212 3035 1298; baseline -0.001 -18"><span class='ocrx_word' id='word_1_47' title='bbox 800 1215 1175 1296; x_wconf 83' lang='lat' dir='ltr'><strong>Africana,</strong></span> <span class='ocrx_word' id='word_1_48' title='bbox 1229 1213 1649 1297; x_wconf 83' lang='lat' dir='ltr'><strong>Hispanica,</strong></span> <span class='ocrx_word' id='word_1_49' title='bbox 1722 1212 2032 1298; x_wconf 82' lang='lat' dir='ltr'><strong>Gallica,</strong></span> <span class='ocrx_word' id='word_1_50' title='bbox 2094 1213 2554 1297; x_wconf 82' lang='lat' dir='ltr'><strong>Germanica,</strong></span> <span class='ocrx_word' id='word_1_51' title='bbox 2590 1214 3035 1280; x_wconf 88' lang='lat' dir='ltr'><strong>collectioni-</strong></span> 
     </span>
     <span class='ocr_line' id='line_1_10' title="bbox 801 1321 3037 1406; baseline -0.001 -17"><span class='ocrx_word' id='word_1_52' title='bbox 801 1325 934 1389; x_wconf 87' lang='lat' dir='ltr'><strong>bus</strong></span> <span class='ocrx_word' id='word_1_53' title='bbox 968 1321 1338 1388; x_wconf 84' lang='lat' dir='ltr'><strong>canonicis</strong></span> <span class='ocrx_word' id='word_1_54' title='bbox 1374 1336 1547 1385; x_wconf 85' lang='lat' dir='ltr'><strong>usae</strong></span> <span class='ocrx_word' id='word_1_55' title='bbox 1583 1322 1901 1403; x_wconf 88' lang='lat' dir='ltr'><strong>fuerunt,</strong></span> <span class='ocrx_word' id='word_1_56' title='bbox 1948 1323 2023 1386; x_wconf 92' lang='lat' dir='ltr'><strong>in</strong></span> <span class='ocrx_word' id='word_1_57' title='bbox 2058 1323 2315 1406; x_wconf 91' lang='lat' dir='ltr'><strong>quibus</strong></span> <span class='ocrx_word' id='word_1_58' title='bbox 2350 1340 2671 1388; x_wconf 87' lang='lat' dir='ltr'><strong>canones</strong></span> <span class='ocrx_word' id='word_1_59' title='bbox 2727 1326 2880 1387; x_wconf 90' lang='lat' dir='ltr'><strong>tum</strong></span> <span class='ocrx_word' id='word_1_60' title='bbox 2924 1340 3037 1405; x_wconf 88' lang='lat' dir='ltr'><strong>ge·</strong></span> 
     </span>
     <span class='ocr_line' id='line_1_11' title="bbox 804 1429 3039 1511; baseline -0 -17"><span class='ocrx_word' id='word_1_61' title='bbox 804 1430 1093 1494; x_wconf 87' lang='lat' dir='ltr'><strong>nerales</strong></span> <span class='ocrx_word' id='word_1_62' title='bbox 1161 1432 1311 1493; x_wconf 91' lang='lat' dir='ltr'><strong>tum</strong></span> <span class='ocrx_word' id='word_1_63' title='bbox 1374 1429 1735 1511; x_wconf 84' lang='lat' dir='ltr'><strong>speciales</strong></span> <span class='ocrx_word' id='word_1_64' title='bbox 1820 1429 2208 1511; x_wconf 90' lang='lat' dir='ltr'><strong>cujuslibet</strong></span> <span class='ocrx_word' id='word_1_65' title='bbox 2276 1429 2657 1496; x_wconf 84' lang='lat' dir='ltr'><strong>Ecclesiae</strong></span> <span class='ocrx_word' id='word_1_66' title='bbox 2722 1430 3039 1494; x_wconf 90' lang='lat' dir='ltr'><strong>contine·</strong></span> 
     </span>
     <span class='ocr_line' id='line_1_12' title="bbox 806 1539 2907 1618; baseline -0.003 -16"><span class='ocrx_word' id='word_1_67' title='bbox 806 1539 1094 1602; x_wconf 86' lang='lat' dir='ltr'><strong>bantur.</strong></span> <span class='ocrx_word' id='word_1_68' title='bbox 2896 1607 2907 1618; x_wconf 46' lang='grc'>,</span> 
     </span>
    </p>

    <p class='ocr_par' dir='ltr' id='par_1_4' title="bbox 808 1640 3046 2476">
     <span class='ocr_line' id='line_1_13' title="bbox 982 1640 3043 1728; baseline -0.001 -21"><span class='ocrx_word' id='word_1_69' title='bbox 982 1643 1091 1707; x_wconf 74' lang='lat' dir='ltr'><strong>3.a</strong></span> <span class='ocrx_word' id='word_1_70' title='bbox 1179 1640 1346 1708; x_wconf 77' lang='lat' dir='ltr'><strong>Sola</strong></span> <span class='ocrx_word' id='word_1_71' title='bbox 1399 1662 1737 1708; x_wconf 77' lang='lat' dir='ltr'><strong>canonum</strong></span> <span class='ocrx_word' id='word_1_72' title='bbox 1780 1642 1854 1707; x_wconf 76' lang='lat' dir='ltr'><strong>in</strong></span> <span class='ocrx_word' id='word_1_73' title='bbox 1887 1664 2099 1708; x_wconf 80' lang='lat' dir='ltr'><strong>unum</strong></span> <span class='ocrx_word' id='word_1_74' title='bbox 2165 1641 2476 1709; x_wconf 83' lang='lat' dir='ltr'><strong>Codice-m</strong></span> <span class='ocrx_word' id='word_1_75' title='bbox 2542 1642 2911 1728; x_wconf 78' lang='lat' dir='ltr'><strong>dispositio</strong></span> <span class='ocrx_word' id='word_1_76' title='bbox 2944 1640 3043 1706; x_wconf 84' lang='lat' dir='ltr'><strong>vel</strong></span> 
     </span>
     <span class='ocr_line' id='line_1_14' title="bbox 808 1750 3043 1829; baseline -0.002 -12"><span class='ocrx_word' id='word_1_77' title='bbox 808 1751 1111 1817; x_wconf 83' lang='lat' dir='ltr'><strong>collectio</strong></span> <span class='ocrx_word' id='word_1_78' title='bbox 1173 1750 1440 1815; x_wconf 73' lang='lat' dir='ltr'><strong>nullam</strong></span> <span class='ocrx_word' id='word_1_79' title='bbox 1505 1750 1761 1814; x_wconf 82' lang='lat' dir='ltr'><strong>eisdem</strong></span> <span class='ocrx_word' id='word_1_80' title='bbox 1833 1752 2207 1815; x_wconf 78' lang='lat' dir='ltr'><strong>canonibus</strong></span> <span class='ocrx_word' id='word_1_81' title='bbox 2270 1753 2753 1816; x_wconf 81' lang='lat' dir='ltr'><strong>auctoritatem</strong></span> <span class='ocrx_word' id='word_1_82' title='bbox 2818 1750 3043 1829; x_wconf 78' lang='lat' dir='ltr'><strong>addit,-</strong></span> 
     </span>
     <span class='ocr_line' id='line_1_15' title="bbox 809 1853 3043 1941; baseline -0.003 -19"><span class='ocrx_word' id='word_1_83' title='bbox 809 1863 1028 1941; x_wconf 89' lang='lat' dir='ltr'><strong>atque</strong></span> <span class='ocrx_word' id='word_1_84' title='bbox 1061 1857 1229 1922; x_wconf 86' lang='lat' dir='ltr'><strong>inde</strong></span> <span class='ocrx_word' id='word_1_85' title='bbox 1265 1872 1580 1920; x_wconf 82' lang='lat' dir='ltr'><strong>canones</strong></span> <span class='ocrx_word' id='word_1_86' title='bbox 1635 1855 1717 1919; x_wconf 85' lang='lat' dir='ltr'><strong>in</strong></span> <span class='ocrx_word' id='word_1_87' title='bbox 1769 1875 1987 1920; x_wconf 89' lang='lat' dir='ltr'><strong>unum</strong></span> <span class='ocrx_word' id='word_1_88' title='bbox 2016 1854 2356 1921; x_wconf 80' lang='lat' dir='ltr'><strong>Codicem</strong></span> <span class='ocrx_word' id='word_1_89' title='bbox 2408 1858 2703 1938; x_wconf 84' lang='lat' dir='ltr'><strong>privata</strong></span> <span class='ocrx_word' id='word_1_90' title='bbox 2736 1853 3043 1919; x_wconf 89' lang='lat' dir='ltr'><strong>auctori-</strong></span> 
     </span>
     <span class='ocr_line' id='line_1_16' title="bbox 810 1964 3045 2045; baseline -0.003 -16"><span class='ocrx_word' id='word_1_91' title='bbox 810 1970 960 2030; x_wconf 86' lang='lat' dir='ltr'><strong>tate</strong></span> <span class='ocrx_word' id='word_1_92' title='bbox 996 1964 1308 2045; x_wconf 84' lang='lat' dir='ltr'><strong>collecti,</strong></span> <span class='ocrx_word' id='word_1_93' title='bbox 1345 1981 1488 2027; x_wconf 91' lang='lat' dir='ltr'><strong>non</strong></span> <span class='ocrx_word' id='word_1_94' title='bbox 1538 1964 1757 2026; x_wconf 88' lang='lat' dir='ltr'><strong>aliam</strong></span> <span class='ocrx_word' id='word_1_95' title='bbox 1795 1964 2308 2028; x_wconf 86' lang='lat' dir='ltr'><strong>auctoritatem</strong></span> <span class='ocrx_word' id='word_1_96' title='bbox 2357 1965 2712 2044; x_wconf 87' lang='lat' dir='ltr'><strong>obtinent,</strong></span> <span class='ocrx_word' id='word_1_97' title='bbox 2750 1965 3045 2044; x_wconf 89' lang='lat' dir='ltr'><strong>praeter</strong></span> 
     </span>
     <span class='ocr_line' id='line_1_17' title="bbox 812 2070 3041 2154; baseline -0.004 -17"><span class='ocrx_word' id='word_1_98' title='bbox 812 2091 998 2153; x_wconf 87' lang='lat' dir='ltr'><strong>eam,</strong></span> <span class='ocrx_word' id='word_1_99' title='bbox 1037 2089 1250 2154; x_wconf 87' lang='lat' dir='ltr'><strong>quam</strong></span> <span class='ocrx_word' id='word_1_100' title='bbox 1279 2079 1724 2152; x_wconf 87' lang='lat' dir='ltr'><strong>acceperunt</strong></span> <span class='ocrx_word' id='word_1_101' title='bbox 1751 2088 1845 2134; x_wconf 84' lang='lat' dir='ltr'><strong>ex</strong></span> <span class='ocrx_word' id='word_1_102' title='bbox 1868 2072 2213 2153; x_wconf 86' lang='lat' dir='ltr'><strong>fontibus,</strong></span> <span class='ocrx_word' id='word_1_103' title='bbox 2247 2071 2437 2136; x_wconf 87' lang='lat' dir='ltr'><strong>unde</strong></span> <span class='ocrx_word' id='word_1_104' title='bbox 2466 2070 2826 2151; x_wconf 88' lang='lat' dir='ltr'><strong>desumpti</strong></span> <span class='ocrx_word' id='word_1_105' title='bbox 2854 2071 3041 2131; x_wconf 91' lang='lat' dir='ltr'><strong>sunt.</strong></span> 
     </span>
     <span class='ocr_line' id='line_1_18' title="bbox 811 2177 3043 2261; baseline -0.003 -18"><span class='ocrx_word' id='word_1_106' title='bbox 811 2180 1068 2261; x_wconf 89' lang='lat' dir='ltr'><strong>Itaque</strong></span> <span class='ocrx_word' id='word_1_107' title='bbox 1104 2181 1182 2242; x_wconf 90' lang='lat' dir='ltr'><strong>ut</strong></span> <span class='ocrx_word' id='word_1_108' title='bbox 1217 2195 1534 2242; x_wconf 90' lang='lat' dir='ltr'><strong>canones</strong></span> <span class='ocrx_word' id='word_1_109' title='bbox 1557 2177 1845 2241; x_wconf 86' lang='lat' dir='ltr'><strong>ratione</strong></span> <span class='ocrx_word' id='word_1_110' title='bbox 1871 2178 2326 2244; x_wconf 88' lang='lat' dir='ltr'><strong>collectionis</strong></span> <span class='ocrx_word' id='word_1_111' title='bbox 2353 2178 2502 2242; x_wconf 88' lang='lat' dir='ltr'><strong>vim</strong></span> <span class='ocrx_word' id='word_1_112' title='bbox 2531 2177 2855 2258; x_wconf 87' lang='lat' dir='ltr'><strong>aliquam</strong></span> <span class='ocrx_word' id='word_1_113' title='bbox 2885 2190 3043 2237; x_wconf 91' lang='lat' dir='ltr'><strong>con-</strong></span> 
     </span>
     <span class='ocr_line' id='line_1_19' title="bbox 813 2279 3046 2368; baseline -0.004 -16"><span class='ocrx_word' id='word_1_114' title='bbox 813 2291 1234 2368; x_wconf 81' lang='lat' dir='ltr'><strong>sequantur,</strong></span> <span class='ocrx_word' id='word_1_115' title='bbox 1273 2291 1560 2368; x_wconf 88' lang='lat' dir='ltr'><strong>oportet</strong></span> <span class='ocrx_word' id='word_1_116' title='bbox 1601 2285 2106 2350; x_wconf 89' lang='lat' dir='ltr'><strong>collectionem</strong></span> <span class='ocrx_word' id='word_1_117' title='bbox 2140 2285 2375 2366; x_wconf 89' lang='lat' dir='ltr'><strong>ipsam</strong></span> <span class='ocrx_word' id='word_1_118' title='bbox 2410 2285 2705 2365; x_wconf 87' lang='lat' dir='ltr'><strong>publica</strong></span> <span class='ocrx_word' id='word_1_119' title='bbox 2738 2279 3046 2344; x_wconf 88' lang='lat' dir='ltr'><strong>auctori·</strong></span> 
     </span>
     <span class='ocr_line' id='line_1_20' title="bbox 815 2391 2959 2476; baseline -0.003 -17"><span class='ocrx_word' id='word_1_120' title='bbox 815 2399 966 2459; x_wconf 90' lang='lat' dir='ltr'><strong>tate</strong></span> <span class='ocrx_word' id='word_1_121' title='bbox 1002 2393 1248 2476; x_wconf 88' lang='lat' dir='ltr'><strong>aliqua</strong></span> <span class='ocrx_word' id='word_1_122' title='bbox 1281 2399 1406 2458; x_wconf 89' lang='lat' dir='ltr'><strong>aut</strong></span> <span class='ocrx_word' id='word_1_123' title='bbox 1434 2395 1867 2475; x_wconf 87' lang='lat' dir='ltr'><strong>confectam,</strong></span> <span class='ocrx_word' id='word_1_124' title='bbox 1906 2398 2031 2456; x_wconf 87' lang='lat' dir='ltr'><strong>aut</strong></span> <span class='ocrx_word' id='word_1_125' title='bbox 2058 2393 2321 2456; x_wconf 89' lang='lat' dir='ltr'><strong>saltem</strong></span> <span class='ocrx_word' id='word_1_126' title='bbox 2348 2391 2735 2475; x_wconf 87' lang='lat' dir='ltr'><strong>probatam</strong></span> <span class='ocrx_word' id='word_1_127' title='bbox 2770 2405 2959 2453; x_wconf 90' lang='lat' dir='ltr'><strong>esse.</strong></span> 
     </span>
    </p>

    <p class='ocr_par' dir='ltr' id='par_1_5' title="bbox 816 2498 3049 2798">
     <span class='ocr_line' id='line_1_21' title="bbox 989 2498 3048 2586; baseline -0.004 -19"><span class='ocrx_word' id='word_1_128' title='bbox 989 2501 1096 2567; x_wconf 58' lang='lat'><strong>43¹</strong></span> <span class='ocrx_word' id='word_1_129' title='bbox 1191 2499 1630 2569; x_wconf 75' lang='lat' dir='ltr'><strong>Collectiones</strong></span> <span class='ocrx_word' id='word_1_130' title='bbox 1696 2521 1988 2568; x_wconf 73' lang='lat' dir='ltr'><strong>canones</strong></span> <span class='ocrx_word' id='word_1_131' title='bbox 2046 2498 2475 2586; x_wconf 73' lang='lat' dir='ltr'><strong>apocryphos</strong></span> <span class='ocrx_word' id='word_1_132' title='bbox 2524 2499 2629 2563; x_wconf 85' lang='lat' dir='ltr'><strong>vel</strong></span> <span class='ocrx_word' id='word_1_133' title='bbox 2687 2501 3048 2581; x_wconf 74' lang='lat' dir='ltr'><strong>corruptos</strong></span> 
     </span>
     <span class='ocr_line' id='line_1_22' title="bbox 816 2604 3049 2694; baseline -0.003 -20"><span class='ocrx_word' id='word_1_134' title='bbox 816 2610 1349 2694; x_wconf 74' lang='lat' dir='ltr'><strong>complectentes,</strong></span> <span class='ocrx_word' id='word_1_135' title='bbox 1385 2631 1471 2674; x_wconf 82' lang='lat' dir='ltr'><strong>eoe</strong></span> <span class='ocrx_word' id='word_1_136' title='bbox 1519 2610 1785 2694; x_wconf 83' lang='lat' dir='ltr'><strong>defectu</strong></span> <span class='ocrx_word' id='word_1_137' title='bbox 1846 2608 2391 2673; x_wconf 80' lang='lat' dir='ltr'><strong>authenticitatis</strong></span> <span class='ocrx_word' id='word_1_138' title='bbox 2454 2613 2577 2671; x_wconf 79' lang='lat' dir='ltr'><strong>aut</strong></span> <span class='ocrx_word' id='word_1_139' title='bbox 2629 2604 3049 2690; x_wconf 75' lang='lat' dir='ltr'><strong>inteyritatis</strong></span> 
     </span>
     <span class='ocr_line' id='line_1_23' title="bbox 819 2712 2313 2798; baseline -0.001 -20"><span class='ocrx_word' id='word_1_140' title='bbox 819 2720 1224 2798; x_wconf 71' lang='lat' dir='ltr'><strong>aryumenta</strong></span> <span class='ocrx_word' id='word_1_141' title='bbox 1257 2719 1446 2777; x_wconf 83' lang='lat' dir='ltr'><strong>certa</strong></span> <span class='ocrx_word' id='word_1_142' title='bbox 1470 2712 1919 2797; x_wconf 75' lang='lat' dir='ltr'><strong>suppeditare</strong></span> <span class='ocrx_word' id='word_1_143' title='bbox 1948 2720 2313 2798; x_wconf 75' lang='lat' dir='ltr'><strong>nequeunt.</strong></span> 
     </span>
    </p>

    <p class='ocr_par' dir='ltr' id='par_1_6' title="bbox 821 2819 3054 3979">
     <span class='ocr_line' id='line_1_24' title="bbox 1000 2819 3054 2901; baseline -0.001 -17"><span class='ocrx_word' id='word_1_144' title='bbox 1000 2820 1152 2885; x_wconf 89' lang='grc'><strong>191.</strong></span> <span class='ocrx_word' id='word_1_145' title='bbox 1247 2820 1404 2901; x_wconf 86' lang='lat' dir='ltr'><strong>Age</strong></span> <span class='ocrx_word' id='word_1_146' title='bbox 1459 2820 1639 2901; x_wconf 87' lang='lat' dir='ltr'><strong>jam,</strong></span> <span class='ocrx_word' id='word_1_147' title='bbox 1678 2822 2193 2885; x_wconf 82' lang='lat' dir='ltr'><strong>tractationem</strong></span> <span class='ocrx_word' id='word_1_148' title='bbox 2256 2826 2579 2885; x_wconf 87' lang='lat' dir='ltr'><strong>nostram</strong></span> <span class='ocrx_word' id='word_1_149' title='bbox 2613 2820 2703 2885; x_wconf 91' lang='lat' dir='ltr'><strong>de</strong></span> <span class='ocrx_word' id='word_1_150' title='bbox 2754 2819 3054 2885; x_wconf 81' lang='lat' dir='ltr'><strong>historia</strong></span> 
     </span>
     <span class='ocr_line' id='line_1_25' title="bbox 821 2926 3051 3010; baseline 0 -19"><span class='ocrx_word' id='word_1_151' title='bbox 821 2931 1131 2991; x_wconf 84' lang='lat' dir='ltr'><strong>externa</strong></span> <span class='ocrx_word' id='word_1_152' title='bbox 1154 2926 1457 2991; x_wconf 83' lang='lat' dir='ltr'><strong>fontium</strong></span> <span class='ocrx_word' id='word_1_153' title='bbox 1491 2944 1536 2989; x_wconf 87' lang='lat' dir='ltr'><strong>a</strong></span> <span class='ocrx_word' id='word_1_154' title='bbox 1601 2928 1837 3007; x_wconf 82' lang='lat' dir='ltr'><strong>prima</strong></span> <span class='ocrx_word' id='word_1_155' title='bbox 1893 2928 2174 3009; x_wconf 87' lang='lat' dir='ltr'><strong>epocha</strong></span> <span class='ocrx_word' id='word_1_156' title='bbox 2221 2928 2536 3009; x_wconf 88' lang='lat' dir='ltr'><strong>juridica</strong></span> <span class='ocrx_word' id='word_1_157' title='bbox 2596 2928 3051 3010; x_wconf 88' lang='lat' dir='ltr'><strong>incipientes,</strong></span> 
     </span>
     <span class='ocr_line' id='line_1_26' title="bbox 821 3032 3050 3118; baseline 0 -19"><span class='ocrx_word' id='word_1_158' title='bbox 821 3035 1106 3116; x_wconf 82' lang='lat' dir='ltr'><strong>nempe,</strong></span> <span class='ocrx_word' id='word_1_159' title='bbox 1145 3035 1236 3098; x_wconf 84' lang='lat' dir='ltr'><strong>ab</strong></span> <span class='ocrx_word' id='word_1_160' title='bbox 1292 3032 1624 3097; x_wconf 84' lang='lat' dir='ltr'><strong>Ecclesia</strong></span> <span class='ocrx_word' id='word_1_161' title='bbox 1658 3035 1952 3099; x_wconf 87' lang='lat' dir='ltr'><strong>condita</strong></span> <span class='ocrx_word' id='word_1_162' title='bbox 2016 3035 2111 3099; x_wconf 87' lang='lat' dir='ltr'><strong>ad</strong></span> <span class='ocrx_word' id='word_1_163' title='bbox 2167 3036 2543 3099; x_wconf 91' lang='lat' dir='ltr'><strong>saeculum</strong></span> <span class='ocrx_word' id='word_1_164' title='bbox 2598 3053 2825 3118; x_wconf 88' lang='lat' dir='ltr'><strong>usque</strong></span> <span class='ocrx_word' id='word_1_165' title='bbox 2890 3034 3050 3116; x_wconf 88' lang='lat' dir='ltr'><strong>XII,</strong></span> 
     </span>
     <span class='ocr_line' id='line_1_27' title="bbox 825 3121 3053 3225; baseline 0 -20"><span class='ocrx_word' id='word_1_166' title='bbox 825 3160 964 3225; x_wconf 89' lang='lat' dir='ltr'><strong>quo</strong></span> <span class='ocrx_word' id='word_1_167' title='bbox 999 3121 1390 3207; x_wconf 66' lang='lat' dir='ltr'><strong>Gratianus</strong></span> <span class='ocrx_word' id='word_1_168' title='bbox 1423 3160 1630 3207; x_wconf 89' lang='lat' dir='ltr'><strong>suum</strong></span> <span class='ocrx_word' id='word_1_169' title='bbox 1666 3145 2092 3225; x_wconf 87' lang='lat' dir='ltr'><strong>compilavit</strong></span> <span class='ocrx_word' id='word_1_170' title='bbox 2138 3143 2530 3207; x_wconf 87' lang='lat' dir='ltr'><strong>Decretum</strong></span> <span class='ocrx_word' id='word_1_171' title='bbox 2584 3160 2715 3210; x_wconf 88' lang='lat' dir='ltr'><strong>seu</strong></span> <span class='ocrx_word' id='word_1_172' title='bbox 2774 3140 3053 3209; x_wconf 81' lang='lat' dir='ltr'><strong>Concor-</strong></span> 
     </span>
     <span class='ocr_line' id='line_1_28' title="bbox 827 3250 3051 3333; baseline -0.002 -17"><span class='ocrx_word' id='word_1_173' title='bbox 827 3253 1140 3317; x_wconf 80' lang='lat' dir='ltr'><strong>dantiam</strong></span> <span class='ocrx_word' id='word_1_174' title='bbox 1174 3252 1723 3317; x_wconf 77' lang='lat' dir='ltr'><strong>discordantium</strong></span> <span class='ocrx_word' id='word_1_175' title='bbox 1772 3272 2133 3333; x_wconf 76' lang='lat' dir='ltr'><strong>canonum,</strong></span> <span class='ocrx_word' id='word_1_176' title='bbox 2194 3257 2265 3315; x_wconf 92' lang='lat' dir='ltr'><strong>et</strong></span> <span class='ocrx_word' id='word_1_177' title='bbox 2312 3251 2627 3333; x_wconf 83' lang='lat' dir='ltr'><strong>vestigia</strong></span> <span class='ocrx_word' id='word_1_178' title='bbox 2682 3250 3051 3333; x_wconf 87' lang='lat' dir='ltr'><strong>insequen-</strong></span> 
     </span>
     <span class='ocr_line' id='line_1_29' title="bbox 827 3356 3052 3442; baseline -0.003 -17"><span class='ocrx_word' id='word_1_179' title='bbox 827 3364 937 3427; x_wconf 88' lang='lat' dir='ltr'><strong>tes</strong></span> <span class='ocrx_word' id='word_1_180' title='bbox 971 3360 1125 3423; x_wconf 81' lang='lat' dir='ltr'><strong>fere</strong></span> <span class='ocrx_word' id='word_1_181' title='bbox 1159 3360 1472 3423; x_wconf 88' lang='lat' dir='ltr'><strong>omnium</strong></span> <span class='ocrx_word' id='word_1_182' title='bbox 1503 3363 1908 3442; x_wconf 87' lang='lat' dir='ltr'><strong>auctorum,</strong></span> <span class='ocrx_word' id='word_1_183' title='bbox 1948 3359 2069 3442; x_wconf 92' lang='lat' dir='ltr'><strong>qui</strong></span> <span class='ocrx_word' id='word_1_184' title='bbox 2103 3359 2192 3424; x_wconf 91' lang='lat' dir='ltr'><strong>de</strong></span> <span class='ocrx_word' id='word_1_185' title='bbox 2254 3358 2822 3423; x_wconf 86' lang='lat' dir='ltr'><strong>institutionibus</strong></span> <span class='ocrx_word' id='word_1_186' title='bbox 2879 3356 3052 3439; x_wconf 85' lang='lat' dir='ltr'><strong>juris</strong></span> 
     </span>
     <span class='ocr_line' id='line_1_30' title="bbox 829 3468 3053 3553; baseline -0.003 -18"><span class='ocrx_word' id='word_1_187' title='bbox 829 3469 1167 3536; x_wconf 88' lang='lat' dir='ltr'><strong>canonici</strong></span> <span class='ocrx_word' id='word_1_188' title='bbox 1229 3469 1613 3553; x_wconf 85' lang='lat' dir='ltr'><strong>scripsere,</strong></span> <span class='ocrx_word' id='word_1_189' title='bbox 1677 3468 2218 3552; x_wconf 88' lang='lat' dir='ltr'><strong>perspicuitatis</strong></span> <span class='ocrx_word' id='word_1_190' title='bbox 2300 3469 2543 3549; x_wconf 87' lang='lat' dir='ltr'><strong>gratia</strong></span> <span class='ocrx_word' id='word_1_191' title='bbox 2614 3473 2686 3532; x_wconf 91' lang='lat' dir='ltr'><strong>et</strong></span> <span class='ocrx_word' id='word_1_192' title='bbox 2765 3471 3053 3550; x_wconf 87' lang='lat' dir='ltr'><strong>propter</strong></span> 
     </span>
     <span class='ocr_line' id='line_1_31' title="bbox 828 3572 3053 3665; baseline -0.006 -17"><span class='ocrx_word' id='word_1_193' title='bbox 828 3598 1169 3665; x_wconf 88' lang='lat' dir='ltr'><strong>magnam</strong></span> <span class='ocrx_word' id='word_1_194' title='bbox 1195 3578 1700 3643; x_wconf 81' lang='lat' dir='ltr'><strong>difficultatem</strong></span> <span class='ocrx_word' id='word_1_195' title='bbox 1732 3576 2146 3659; x_wconf 87' lang='lat' dir='ltr'><strong>reperiendi</strong></span> <span class='ocrx_word' id='word_1_196' title='bbox 2179 3594 2309 3658; x_wconf 89' lang='lat' dir='ltr'><strong>pro</strong></span> <span class='ocrx_word' id='word_1_197' title='bbox 2372 3578 2510 3641; x_wconf 88' lang='lat' dir='ltr'><strong>hac</strong></span> <span class='ocrx_word' id='word_1_198' title='bbox 2566 3575 2865 3660; x_wconf 87' lang='lat' dir='ltr'><strong>periodo</strong></span> <span class='ocrx_word' id='word_1_199' title='bbox 2915 3572 3053 3639; x_wconf 90' lang='lat' dir='ltr'><strong>uni·</strong></span> 
     </span>
     <span class='ocr_line' id='line_1_32' title="bbox 829 3683 3054 3774; baseline -0.005 -14"><span class='ocrx_word' id='word_1_200' title='bbox 829 3697 1129 3760; x_wconf 88' lang='lat' dir='ltr'><strong>formem</strong></span> <span class='ocrx_word' id='word_1_201' title='bbox 1160 3690 1724 3774; x_wconf 83' lang='lat' dir='ltr'><strong>generalemque</strong></span> <span class='ocrx_word' id='word_1_202' title='bbox 1759 3706 2134 3755; x_wconf 83' lang='lat' dir='ltr'><strong>sacrorum</strong></span> <span class='ocrx_word' id='word_1_203' title='bbox 2169 3705 2528 3752; x_wconf 88' lang='lat' dir='ltr'><strong>canonum</strong></span> <span class='ocrx_word' id='word_1_204' title='bbox 2556 3687 2904 3767; x_wconf 87' lang='lat' dir='ltr'><strong>codicem,</strong></span> <span class='ocrx_word' id='word_1_205' title='bbox 2939 3683 3054 3748; x_wconf 91' lang='lat' dir='ltr'><strong>hu·</strong></span> 
     </span>
     <span class='ocr_line' id='line_1_33' title="bbox 825 3792 3052 3885; baseline -0.005 -17"><span class='ocrx_word' id='word_1_206' title='bbox 825 3804 944 3885; x_wconf 79' lang='lat' dir='ltr'><strong>Jus</strong></span> <span class='ocrx_word' id='word_1_207' title='bbox 979 3801 1240 3867; x_wconf 84' lang='lat' dir='ltr'><strong>aetatis</strong></span> <span class='ocrx_word' id='word_1_208' title='bbox 1277 3798 1746 3863; x_wconf 89' lang='lat' dir='ltr'><strong>collectiones</strong></span> <span class='ocrx_word' id='word_1_209' title='bbox 1778 3797 1852 3861; x_wconf 92' lang='lat' dir='ltr'><strong>in</strong></span> <span class='ocrx_word' id='word_1_210' title='bbox 1888 3796 2068 3862; x_wconf 88' lang='lat' dir='ltr'><strong>duas</strong></span> <span class='ocrx_word' id='word_1_211' title='bbox 2104 3797 2339 3861; x_wconf 87' lang='lat' dir='ltr'><strong>clases</strong></span> <span class='ocrx_word' id='word_1_212' title='bbox 2388 3797 2815 3880; x_wconf 86' lang='lat' dir='ltr'><strong>partiemur,</strong></span> <span class='ocrx_word' id='word_1_213' title='bbox 2854 3792 3052 3859; x_wconf 79' lang='lat' dir='ltr'><strong>Grae-</strong></span> 
     </span>
     <span class='ocr_line' id='line_1_34' title="bbox 834 3906 1723 3979; baseline -0.009 0"><span class='ocrx_word' id='word_1_214' title='bbox 834 3934 951 3979; x_wconf 82' lang='lat' dir='ltr'><strong>cas</strong></span> <span class='ocrx_word' id='word_1_215' title='bbox 980 3910 1262 3977; x_wconf 79' lang='lat' dir='ltr'><strong>scilicet</strong></span> <span class='ocrx_word' id='word_1_216' title='bbox 1295 3911 1370 3974; x_wconf 86' lang='lat' dir='ltr'><strong>et</strong></span> <span class='ocrx_word' id='word_1_217' title='bbox 1403 3906 1723 3973; x_wconf 77' lang='lat' dir='ltr'><strong>Latinas.</strong></span> 
     </span>
    </p>
   </div>
   <div class='ocr_carea' id='block_1_3' title="bbox 837 4060 1016 4070">
    <p class='ocr_par' dir='ltr' id='par_1_7' title="bbox 837 4060 1016 4070">
     <span class='ocr_line' id='line_1_35' title="bbox 837 4060 1016 4070; baseline 0 1030"><span class='ocrx_word' id='word_1_218' title='bbox 837 4060 1016 4070; x_wconf 95' lang='lat' dir='ltr'><strong> </strong></span> 
     </span>
    </p>
   </div>
   <div class='ocr_carea' id='block_1_4' title="bbox 1019 4062 1175 4071">
    <p class='ocr_par' dir='ltr' id='par_1_8' title="bbox 1019 4062 1175 4071">
     <span class='ocr_line' id='line_1_36' title="bbox 1019 4062 1175 4071; baseline 0.006 -1"><span class='ocrx_word' id='word_1_219' title='bbox 1019 4062 1175 4071; x_wconf 50' lang='grc' dir='ltr'><strong>...ψ</strong></span> 
     </span>
    </p>
   </div>
   <div class='ocr_carea' id='block_1_5' title="bbox 923 4167 1947 4313">
    <p class='ocr_par' dir='ltr' id='par_1_9' title="bbox 923 4167 1947 4313">
     <span class='ocr_line' id='line_1_37' title="bbox 979 4167 1947 4241; baseline 0.001 -18"><span class='ocrx_word' id='word_1_220' title='bbox 979 4173 1055 4231; x_wconf 87' lang='grc'><strong>(1)</strong></span> <span class='ocrx_word' id='word_1_221' title='bbox 1130 4172 1251 4223; x_wconf 87' lang='lat' dir='ltr'><strong>Lib.</strong></span> <span class='ocrx_word' id='word_1_222' title='bbox 1277 4170 1340 4223; x_wconf 72' lang='lat' dir='ltr'><strong>de</strong></span> <span class='ocrx_word' id='word_1_223' title='bbox 1363 4170 1607 4227; x_wconf 80' lang='lat' dir='ltr'><strong>velandis</strong></span> <span class='ocrx_word' id='word_1_224' title='bbox 1630 4167 1947 4241; x_wconf 63' lang='lat' dir='ltr'><strong>viminibus.</strong></span> 
     </span>
     <span class='ocr_line' id='line_1_38' title="bbox 923 4242 1906 4313; baseline -0.002 -18"><span class='ocrx_word' id='word_1_225' title='bbox 923 4246 1050 4313; x_wconf 82' lang='lat'><strong>.(2)</strong></span> <span class='ocrx_word' id='word_1_226' title='bbox 1123 4242 1564 4300; x_wconf 76' lang='lat' dir='ltr'><strong>Dist.12-c.ll.</strong></span> <span class='ocrx_word' id='word_1_227' title='bbox 1900 4286 1906 4293; x_wconf 90' lang='lat'>.</span> 
     </span>
    </p>
   </div>
  </div>
 </body>
</html>
