3332 5100
1294 404 1650 462 -285—

348 550 600 614 tow-alis
634 550 1130 614 sollicitudinis
1196 548 1310 613 die
1366 550 1600 632 prima
1650 548 1695 614 J
1703 550 1847 612 unii
1883 548 2053 614 1582
2113 548 2403 630 emissa,
2443 564 2593 612 cor-

344 658 748 722 rectionem
814 656 1286 722 Grratianeam
1370 658 1867 740 promulgavit
1955 658 2585 740 confirmavitque,

346 766 744 846 prohibens
778 782 870 828 ne
902 764 1086 828 haec
1134 764 1294 846 ipsa
1342 764 1638 828 Decreti
1697 764 2105 828 emendatio
2141 764 2595 854 privatorum
2691 830 2693 832 ,

348 872 656 936 arbitrio
692 872 766 936 in
800 878 1170 954 posterum
1200 872 1406 936 fieret
1442 874 1562 952 (1).
1713 868 1715 870 ’

530 982 686 1044 256.
784 980 1210 1062 Priusquam
1248 980 1336 1044 de
1372 980 1811 1044 auctoritate
1843 980 2067 1062 legali
2091 980 2389 1044 Decreti
2419 978 2595 1044 Gra-

346 1088 532 1150 tiani
564 1088 1028 1168 disseramus,
1068 1088 1206 1150 duo
1242 1087 1382 1152 hac
1416 1106 1634 1170 super
1669 1108 1749 1152 re
1807 1096 2247 1172 praenotare
2281 1092 2591 1172 oportet:

358 1194 460 1258 1.⁰
490 1212 668 1276 opus
698 1194 1031 1260 Gratiani
1058 1212 1200 1258 non
1234 1212 1392 1258 esse
1420 1196 1508 1258 de
1534 1200 1799 1260 natura
1825 1216 1955 1260 sua
1975 1196 2298 1260 codicem
2327 1196 2593 1280 legum,

350 1300 482 1364 sed
540 1316 720 1384 opus
788 1302 1268 1366 scientificum
1326 1302 1524 1366 circa
1552 1304 1671 1384 jus
1705 1304 2183 1386 elaboratum,
2247 1304 2351 1366 ita
2385 1308 2461 1366 ut
2491 1322 2597 1368 se-

352 1410 606 1492 quenti
676 1410 904 1474 aetati
968 1410 1428 1474 tribuendam
1506 1412 1841 1494 formam,
1915 1430 2131 1496 quam
2213 1410 2599 1474 hodiedum

352 1518 704 1600 praefert,
746 1518 1198 1580 collectionis
1234 1536 1606 1582 sacrorum
1636 1536 2025 1602 canonum3
2069 1520 2173 1582 2.0
2207 1518 2601 1582 Decretum

356 1624 836 1690 Gratianeum
874 1644 1018 1688 non
1052 1626 1350 1708 publica
1386 1628 1853 1708 auctoritate,
1889 1626 2019 1690 sed
2051 1628 2341 1708 privato
2375 1626 2599 1708 ipsius

352 1730 692 1797 Gratiani
752 1734 1056 1796 arbitrio
1114 1734 1524 1796 confectum
1584 1752 1771 1816 esse,
1835 1734 2143 1816 ideoque
2201 1734 2475 1797 nullam
2511 1750 2601 1796 ex

356 1838 766 1904 Collectore
800 1840 1116 1922 legalem
1148 1842 1300 1906 vim
1328 1840 1751 1904 obtinuisse.

534 1948 666 2012 His
722 1950 1146 2030 praejactIS,
1210 1950 1658 2032 quaerimus,
1725 1968 1819 2014 an
1881 1948 2213 2014 Gratiani
2267 1946 2601 2012 collectio

354 2056 780 2120 authentica
836 2058 1120 2120 censeri
1178 2060 1422 2140 queat,
1484 2060 1556 2120 et
1610 2058 1921 2138 proinde
1983 2058 2331 2140 quidquid
2381 2058 2457 2120 in
2515 2074 2601 2120 ea

350 2164 792 2246 continetur,
854 2164 1404 2228 ecclesiasticae
1458 2166 1642 2248 legis
1701 2168 2031 2250 vigorem
2091 2168 2383 2230 habeat.
2423 2166 2601 2228 Tres

350 2272 756 2336 sententias
792 2272 986 2354 apud
1020 2274 1310 2336 criticos
1348 2274 1787 2356 invenimus,
1843 2292 2025 2358 quas
2057 2274 2407 2354 breviter,
2439 2274 2599 2354 jux-

348 2384 432 2444 ta
468 2398 742 2442 morem
779 2384 1128 2463 nostrum,
1172 2380 1693 2463 expendemus.

538 2487 640 2551 L*
732 2487 898 2569 Alii,
940 2489 1120 2551 duce
1156 2489 1550 2553 Trithemio
1588 2489 1865 2553 saeculi
1925 2491 2029 2553 XI
2087 2489 2443 2571 scriptore
2479 2487 2597 2573 (2),

348 2593 668 2675 legalem
730 2593 1028 2657 Decreti
1088 2597 1596 2661 auctoritatem
1658 2601 2151 2679 propugnant,
2213 2601 2361 2661 tum
2413 2597 2605 2681 quod

354 2699 694 2765 Gratiani
730 2719 934 2783 opus,
974 2719 1134 2767 cum
1170 2705 1478 2785 primum
1514 2705 1805 2785 prodiit,
1837 2707 1910 2767 in
1937 2705 2205 2769 scholis
2247 2705 2417 2768 etin
2443 2705 2601 2769 foro

352 2809 648 2873 assidue
682 2813 1096 2891 susceptum
1152 2813 1224 2873 et
1284 2811 1685 2873 adhibitum
1743 2813 1903 2893 fuit,
1941 2817 2089 2875 tum
2149 2813 2341 2895 quod
2375 2813 2601 2895 Euge-

352 2917 518 2981 nius
552 2917 660 2981 III
696 2921 766 2979 et
826 2915 1218 2999 Gregorius
1276 2917 1454 2981 XIII
1490 2919 1857 2999 publicam
1915 2923 1989 2983 et
2043 2919 2445 2983 solemnem
2481 2937 2601 3003 ap-

352 3023 866 3107 probationem
900 3023 1136 3089 eidem
1166 3024 1486 3089 Decreto
1524 3027 1957 3091 tribuerunt.

536 3129 642 3195 2?
730 3131 1068 3215 Plerique
1104 3133 1556 3213 canonistae,
1594 3133 1787 3197 inter
1837 3151 2017 3217 quos
2051 3135 2423 3199 recenseri
2459 3153 2601 3199 me-

352 3243 609 3305 rentur
648 3239 978 3323 Berardi,
1016 3239 1456 3305 Benedictus
1485 3241 1681 3323 XIV,
1715 3241 2123 3307 Cardinalis
2153 3241 2425 3325 Soglia,
2463 3241 2599 3307 De·-

356 3349 538 3431 voti,
576 3347 938 3431 DonOSUS,
978 3349 1246 3429 aliique
1280 3348 1510 3429 multi,
1576 3349 1863 3413 omnino
1917 3349 2333 3413 inficiantur
2369 3351 2607 3415 inesse

356 3455 526 3519 huic
560 3455 972 3519 collectioni
1008 3473 1532 3539 quemcumque
1562 3459 1893 3521 valorem
1919 3459 2257 3541 legalem,
2299 3475 2601 3541 sequen-

356 3563 548 3625 tibus
608 3563 890 3627 suffulti
953 3564 1382 3627 rationibus:
1450 3563 1544 3627 1.ο
1612 3561 2025 3641 scholarum
2097 3569 2167 3627 et
2235 3565 2373 3628 fori
2437 3583 2605 3629 usus

356 3669 890 3751 praestantiam
926 3669 1260 3733 Decretis
1324 3671 1807 3751 commendat,
1853 3671 2121 3733 nullam
2161 3675 2403 3733 tamen
2437 3688 2603 3733 auc·

356 3777 732 3841 toritatem
766 3777 1122 3859 adjungit,
1164 3795 1248 3841 eo
1296 3777 1418 3843 vel
1454 3777 1689 3859 magis
1725 3777 1917 3859 quod
1963 3777 2403 3861 adulterata,
2443 3795 2605 3861 spu-

494 4045 568 4109 (1)
642 4041 998 4110 Quamquam
1028 4041 1336 4109 Gregorius
1362 4045 1504 4097 XIII
1530 4047 1656 4113 jure
1685 4045 1911 4111 caverit,
1949 4059 2023 4097 ne
2065 4043 2305 4111 quilibet
2349 4047 2607 4111 privatus

354 4131 458 4183 pro
496 4115 680 4167 lubitu
708 4131 812 4167 suo
842 4117 1158 4179 Decretum,
1188 4121 1346 4167 tanta
1398 4119 1725 4169 maturitate
1759 4117 2167 4183 diligentiaque
2217 4117 2605 4187 emendatum,

354 4189 558 4239 iterum
596 4189 874 4253 corrigere
926 4203 990 4239 ac
1020 4191 1170 4253 typis
1218 4189 1384 4241 edere
1420 4193 1823 4255 praesumeret,
1853 4189 2113 4245 permisit
2151 4195 2363 4255 tamen,
2387 4195 2449 4241 ut
2497 4193 2605 4243 viri

358 4259 568 4311 eruditi
592 4261 650 4311 in
672 4259 1068 4325 expendendis
1098 4259 1356 4311 Gratiani
1394 4261 1783 4313 monumentis
1835 4275 2071 4325 operam
2115 4277 2277 4315 suam
2307 4267 2605 4317 navarent.

500 4329 578 4401 (2)
652 4331 740 4387 De
766 4329 1094 4385 illustribus
1118 4329 1254 4385 viris
1278 4329 1488 4385 ordinis
1524 4329 1580 4387 S.
1612 4331 1913 4387 Benedicti.
