3332 5100
1740 387 2078 446 ,260-

785 540 925 600 tur:
959 554 1001 598 a
1035 534 1327 598 saeculo
1368 530 1468 598 IV
1525 531 1617 597 ad
1665 531 1767 596 VI
1833 548 2058 615 usque
2115 531 2191 596 in
2238 548 2380 613 quo
2443 530 2750 613 vulgata
2814 531 3011 594 fuere

787 640 1125 724 Capitula
1153 640 1442 706 Martini
1470 639 2022 721 Bracharensis,
2046 638 2184 703 duo
2222 637 2417 721 apud
2444 638 2737 702 criticos
2765 637 2842 702 in
2864 642 3012 702 tan·

785 752 861 810 ta
927 766 1171 812 rerum
1237 746 1658 810 confusione
1726 750 1929 810 certa
1984 745 2517 828 explorataque
2582 744 3008 810 invenimus:

785 856 1095 936 primum
1133 856 1338 918 nobis
1372 857 1822 935 compertum
1856 856 1992 935 est,
2033 851 2223 935 quod
2267 852 2422 933 jam
2476 869 2522 914 a
2574 852 2865 916 saeculo
2919 850 3015 917 IV

787 960 1119 1024 Ecclesia
1149 960 1548 1042 Hispaniae
1602 977 1733 1043 pro
1800 960 2056 1042 regula
2112 976 2201 1024 ao
2254 976 2512 1023 norma
2570 956 3017 1040 disciplinari

787 1068 1117 1132 servavit
1145 1084 1461 1131 canones
1495 1068 1644 1130 tum
1677 1065 2148 1151 particulares
2181 1083 2309 1130 seu
2366 1064 2851 1131 conciliorum
2900 1083 3016 1128 na-

789 1174 1191 1256 tionalium,
1293 1173 1647 1256 siquidem
1720 1191 1805 1238 eo
1860 1178 2189 1256 tempore
2244 1174 2437 1238 inter
2499 1173 2650 1237 alia
2699 1170 3019 1238 Concilia

789 1300 1091 1364 quorum
1127 1284 1295 1344 acta
1327 1281 1637 1363 periere,
1670 1279 1921 1345 habita
1984 1285 2153 1346 sunt
2207 1281 2744 1346 Illiberitanum
2808 1279 3014 1363 (301),

791 1388 1543 1470 Caesaraugustanum
1581 1387 1766 1468 (381)
1813 1390 1886 1451 et
1943 1388 2373 1452 Toletanum
2406 1387 2441 1452 I
2486 1388 2697 1471 (400),
2736 1391 2888 1452 tum
2920 1408 3018 1472 ye-

789 1498 1059 1560 nerales
1093 1514 1221 1560 seu
1257 1494 1743 1560 Conciliorum
1800 1494 2104 1559 Nicaeni
2140 1499 2213 1559 et
2277 1494 2754 1577 SardicensiS,
2785 1493 3023 1577 prouti

789 1602 1177 1666 ostendunt
1207 1602 1665 1684 insequentia
1702 1601 1899 1665 faeta
1956 1619 2144 1685 quae
2203 1603 2482 1666 tantum
2520 1602 2823 1666 innuere
2887 1600 3021 1665 suf-

789 1710 961 1774 ficit:
997 1710 1099 1774 1.0
1135 1710 1474 1792 Episcopi
1508 1709 1818 1793 Hispani
1852 1708 2161 1792 Synodis
2194 1710 2589 1793 Nicaenae,
2650 1707 3023 1773 Sardicen-

791 1818 853 1880 si
903 1822 975 1882 et
1035 1818 1448 1882 Arelatensi
1503 1817 1574 1881 II
1631 1817 1958 1899 adfuere3
2024 1817 2130 1881 2.0
2189 1817 2453 1882 Hosius
2515 1815 3022 1895 CordubensiS,

791 1942 953 1990 cum
983 1928 1071 1988 ab
1111 1924 1405 1990 Oriente
1437 1925 1977 2008 regrederetur,
2009 1943 2327 1990 canones
2362 1925 2725 1990 Nicaenos
2784 1941 3028 1988 secum

791 2034 981 2112 tulit;
1019 2034 1123 2096 3.⁰
1189 2032 1586 2096 Concilium
1642 2031 2072 2096 Toletanum
2137 2032 2201 2096 I.
2238 2032 2567 2097 decrevit
2632 2031 3029 2096 Nicaenam

793 2140 1159 2222 Synodum
1195 2140 1285 2202 ab
1323 2138 1648 2203 omnibus
1686 2138 2126 2203 servandam
2183 2157 2368 2220 esse3
2434 2139 2542 2203 4.0
2600 2138 2821 2203 Plura
2871 2156 3028 2202 con·

799 2244 967 2308 cilia
1003 2244 1191 2306 inter
1229 2259 1414 2324 quae
1461 2241 1928 2306 Valentinum
1963 2260 2051 2306 ac
2102 2242 2604 2307 Bracharense
2635 2242 2670 2306 1
2718 2259 2813 2306 ex
2875 2240 3030 2305 Sar-

793 2353 1069 2417 dicensi
1095 2366 1412 2415 canones
1445 2349 1931 2432 exscripsere.
1961 2349 2290 2414 Alterum
2317 2351 2392 2414 in
2423 2350 2715 2414 dubium
2743 2349 3031 2412 minime

791 2459 1287 2525 revocandum
1323 2462 1431 2522 est
1455 2458 1750 2522 saeculo
1785 2456 1886 2520 VI
1913 2456 2107 2540 apud
2140 2475 2270 2522 nos
2337 2458 2711 2522 exstitisse
2777 2474 3032 2522 veram

795 2585 881 2631 ac
917 2567 1211 2649 proprie
1249 2567 1516 2629 dictam
1550 2565 2056 2629 collectionem
2087 2565 2381 2629 saeculo
2418 2566 2477 2630 V
2513 2566 2835 2629 fortasse
2873 2581 3029 2627 con-

793 2677 1061 2739 fectam
1099 2679 1169 2737 et
1203 2673 1271 2737 S.
1307 2672 1599 2736 Martini
1650 2671 2065 2735 Dumiensis
2123 2689 2345 2753 opere
2396 2674 2693 2755 prorsus
2743 2671 3030 2735 distinc-

795 2785 969 2861 tam,
1009 2781 1199 2863 quod
1233 2780 1520 2863 quidem
1587 2778 2050 2860 apertissime
2106 2780 2404 2862 probari
2462 2781 2691 2863 possit
2754 2779 2833 2842 in
2898 2794 3031 2842 me·

795 2889 987 2951 dium
1023 2887 1458 2969 proferendo
1522 2886 1983 2969 antiquorum
2049 2887 2523 2952 conciliorum
2591 2885 3029 2965 testimonia,

795 2997 1227 3077 praesertim
1259 2992 1783 3059 Bracharensis
1815 2992 1849 3056 I
1898 2992 2108 3075 (561),
2167 2993 2692 3058 Bracharensis
2721 2992 2792 3057 II
2822 2991 3030 3077 (572),

795 3103 1352 3167 Barcinonensis
1385 3100 1595 3185 (540),
1633 3100 1971 3164 Toletani
2000 3100 2110 3164 III
2172 3101 2358 3183 (589)
2417 3104 2489 3164 et
2552 3100 2890 3165 Toletani
2939 3097 3035 3163 IV

797 3211 1005 3291 (633).
1045 3209 1266 3273 Nobis
1301 3207 1614 3272 sufficiat
1646 3224 1966 3271 canones
2028 3207 2571 3272 Bracharenses
2640 3206 3026 3289 adducere;

797 3314 1357 3381 Bracharensel
1391 3316 1494 3378 ita
1529 3314 1859 3380 decrevit
1924 3332 2084 3379 can.
2142 3315 2379 3379 XXII:
2453 3313 2589 3379 “Ut
2653 3332 3032 3397 quaecum-

799 3441 937 3505 que
969 3427 1369 3505 praecepta-
1399 3423 1842 3506 antiquorum
1904 3442 2244 3487 canonum
2299 3423 2539 3503 (juxta
2591 3423 2742 3486 alia
2798 3439 3030 3487 exem·

797 3531 1035 3613 plaria
1061 3549 1153 3593 ex
1189 3530 1437 3594 codiee
1473 3528 1800 3611 antiquo)
1836 3528 2047 3592 modo
2072 3529 2147 3592 in
2182 3529 2487 3594 concilio
2516 3529 2828 3593 recitata
2846 3531 3031 3609 sunt,

797 3637 1037 3701 nullus
1065 3637 1329 3701 audeat
1351 3636 1783 3719 praeterire.
1819 3635 2055 3719 Siquis
2091 3640 2333 3701 autem
2367 3638 2576 3719 quasi
2645 3642 3036 3701 contumax

795 3745 1353 3827 transgreditur,
1390 3743 1516 3807 ille
1549 3760 1849 3807 necesse
1885 3747 2017 3825 est,
2066 3744 2154 3809 de
2210 3762 2338 3808 suo
2376 3744 2613 3808 officio
2677 3742 3034 3825 degrade-

797 3855 981 3935 tu1·.„
1019 3851 1520 3915 Bracharense
1550 3850 1619 3914 II
1654 3869 1816 3915 can.
1877 3851 1912 3915 1
1976 3852 2255 3916 statuit:
2332 3851 2717 3918 “Maneant
2779 3852 2854 3915 in
2912 3868 3035 3915 suo

797 3961 1053 4041 vigore
1091 3958 1559 4023 conciliorum
1619 3959 1935 4023 omnium
1970 3960 2390 4042 constituta,
2429 3959 2640 4023 simul
2698 3963 2771 4024 et
2828 3975 3035 4041 syno-

797 4065 1005 4129 dicae
1037 4063 1155 4129 SS.
1195 4065 1617 4129 Praesulum
1642 4064 2129 4130 Romanorum
2163 4066 2591 4150 epistolae.„

977 4173 1129 4235 233.
1257 4173 1520 4238 Nomen
1575 4177 1648 4236 et
1708 4170 1969 4239 Auctor
2033 4171 2498 4238 Collectionis
2590 4173 2659 4240 S.
2719 4171 3030 4237 Martini.

797 4281 1175 4361 Martinus,
1211 4279 1506 4345 natione
1538 4280 1972 4365 pannoniae,
2012 4281 2332 4349 moribus
2369 4299 2458 4347 ac
2490 4280 3033 4364 praedicatione
