3332 5100
1269 318 1625 385 ——261—

329 459 698 548 hispanuS,
761 458 1160 530 Suevorum
1218 465 1618 548 apostoluS,
1663 465 2092 531 monasterii
2154 463 2567 534 Dumiensis

329 570 670 634 fundator
698 573 770 634 et
801 571 1074 652 primus
1109 571 1363 652 abbas,
1428 574 1691 654 postea
1746 573 2353 656 metropolitanus
2392 573 2567 640 Bra-

331 677 726 758 charensiS,
759 678 872 742 vir
937 677 1272 759 equidem
1298 677 1689 743 virtutibus
1752 678 2167 761 litterisque
2232 681 2564 764 eximius,

331 785 474 866 qui,
507 791 582 848 ut
615 789 924 848 testatur
958 783 1028 849 S.
1069 782 1464 866 Gregorius
1530 785 1996 850 Turonensis:
2049 788 2125 851 in
2182 795 2447 853 tantum
2498 809 2569 854 se

329 892 584 956 litteris
609 892 874 970 imbuit,
927 899 1003 956 at
1047 892 1226 957 nulli
1259 893 1597 958 secundus
1657 913 1782 958 suo
1847 900 2145 978 tempore
2205 894 2571 960 haberetur

332 999 453 1080 (l),
491 1004 787 1081 praeter
820 998 967 1064 alia
1023 1017 1248 1082 opera
1317 1017 1448 1082 pro
1512 999 1916 1082 Hispanica
1981 1000 2313 1066 Ecclesia
2362 1018 2573 1085 suam

326 1105 640 1188 perfecit
675 1106 1207 1188 collectionem,
1259 1105 1334 1170 in
1368 1123 1584 1190 quam
1639 1107 1947 1172 contulit
2002 1125 2309 1189 graecos
2356 1125 2570 1176 cano·

327 1229 460 1276 nes
491 1212 722 1276 latine
756 1212 1101 1294 redditos,
1142 1215 1214 1277 et
1246 1213 1474 1277 multa
1505 1214 1728 1279 etiam
1784 1232 1877 1280 ex
1940 1215 2188 1280 latinis
2250 1215 2573 1282 fontibus

328 1320 716 1403 expressit,
757 1320 1200 1402 vocavitque
1237 1336 1400 1384 eam
1437 1319 1761 1406 Capitula
1794 1321 2229 1408 Synodorum
2260 1325 2571 1390 Orienta-

325 1428 504 1494 lium
539 1449 583 1492 a
621 1428 928 1493 Martino
961 1427 1310 1512 Episcopo
1343 1427 1814 1495 Bracharensi
1848 1431 2245 1514 compilata.

517 1533 744 1601 Causa
779 1537 852 1598 et
883 1533 1192 1618 Epocha.
1291 1533 1566 1618 Scopus
1621 1535 1835 1617 huJus
1893 1536 2154 1600 eruditi
2210 1535 2575 1604 Praesulis

325 1641 402 1705 in
441 1640 725 1706 edenda
756 1641 896 1705 hac
930 1640 1363 1706 collectione
1398 1659 1588 1706 anno
1621 1641 1756 1706 572
1787 1643 1911 1708 vel
1965 1643 2099 1708 580
2146 1643 2358 1726 Juxta
2394 1644 2575 1710 alios

325 1747 466 1811 fuit
500 1747 842 1831 antiquos
878 1765 1196 1812 canones
1231 1747 1326 1812 ad
1392 1749 1877 1814 recentiorem
1942 1749 2401 1834 disciplinam
2461 1768 2577 1816 ac-

328 1855 746 1938 comodare,
783 1855 1190 1920 faciliorem
1242 1855 1551 1921 reddere
1584 1855 2159 1939 disquisitionem
2218 1860 2292 1922 et
2357 1858 2578 1924 colla-

327 1962 603 2028 tionem
667 1963 998 2045 fontium,
1067 1980 1156 2026 ac
1222 1964 1657 2045 praesertim
1723 1981 1979 2029 veram
2053 1964 2441 2031 lectionem
2506 1969 2580 2032 et

327 2069 726 2153 genuinum
758 2087 1048 2136 sensum
1085 2049 1443 2136 canonum
1497 2088 1929 2153 graecorum
1972 2072 2383 2155 restituere,
2427 2072 2575 2156 qui,

327 2178 404 2242 in
433 2177 774 2242 versione
808 2177 1076 2241 nostris
1110 2176 1459 2243 Ecclesiis
1517 2180 1992 2245 communiter
2026 2185 2327 2264 recepta
2381 2199 2578 2264 mag·

329 2302 430 2349 na
465 2283 890 2349 confusione
955 2288 1174 2366 atque
1241 2285 1685 2352 obscuritate
1750 2286 2213 2369 laborabant,
2277 2306 2470 2371 nam,
2503 2292 2583 2352 ut

331 2392 603 2456 asserit
629 2389 700 2454 S.
738 2389 1144 2474 Episcopus
1178 2391 1252 2454 in
1284 2391 1754 2458 Praefatione
1790 2395 1899 2458 sui
1958 2397 2223 2478 operis:
2297 2394 2579 2460 “versio

332 2501 548 2565 unius
580 2499 874 2582 linguae
909 2500 985 2565 in
1018 2501 1239 2566 aliam
1263 2501 1578 2595 difficilis
1613 2509 1748 2584 est,
1780 2510 1997 2587 atque
2030 2504 2247 2569 etiam
2306 2507 2579 2588 tempo-

329 2607 436 2671 ris
473 2606 782 2671 decursu
847 2607 1242 2689 scriptores
1311 2614 1440 2673 aut
1493 2628 1640 2675 non
1703 2609 2199 2692 intelligentes
2250 2614 2375 2675 aut
2423 2611 2581 2676 dor-

331 2714 645 2779 mientes
673 2714 820 2779 alia
879 2716 1242 2799 omittunt,
1285 2716 1578 2853 aliaque
1638 2720 1943 2799 mutant,
2011 2717 2199 2821 unde
2266 2736 2583 2785 canones

331 2823 520 2887 fiunt
550 2822 1031 2891 obscuriores.
1018 2870 1078 2909 .„

520 2930 989 2996 Monumenta.
1089 2928 1442 2996 Collectio
1490 2931 2017 2997 Bracharensis
2078 2933 2585 3015 complectitur

333 3055 661 3104 canones
688 3036 1143 3119 Synodorum
1179 3036 1687 3120 Orientalium,
1741 3038 1915 3123 licet
1950 3057 2094 3105 non
2154 3057 2401 3106 omnes
2457 3040 2587 3106 sed

331 3145 624 3211 tantum
652 3145 848 3227 illos,
878 3145 1000 3228 qui
1029 3145 1152 3213 vel
1206 3149 1412 3211 recta
1463 3145 2069 3229 interpretatione
2132 3147 2583 3231 indigebant,

333 3254 467 3321 vel
505 3253 824 3318 moribus
860 3258 932 3319 et
967 3253 1214 3318 usibus
1269 3252 1715 3336 Hispanicae
1762 3254 2211 3339 Disciplinae
2245 3260 2589 3341 poterant

337 3346 614 3443 aptari3
653 3361 978 3426 continet
1009 3378 1295 3443 quoque
1331 3377 1652 3426 canones
1689 3379 1782 3425 ex
1816 3363 2145 3429 conciliis
2192 3364 2585 3448 Africanis,

337 3467 716 3535 Toletanis
743 3472 816 3534 et
850 3467 1471 3534 Bracharensibus
1509 3468 2002 3551 depromptos.

523 3576 886 3644 Methodas
920 3580 992 3641 et
1024 3576 1378 3642 Eoetensio.
1473 3574 1543 3640 S.
1598 3575 1952 3641 Martinus
2001 3577 2410 3644 Dumiensis
2478 3597 2588 3645 or-

343 3685 588 3751 dinem
624 3704 866 3753 rerum
901 3687 1176 3769 primus
1211 3686 1400 3751 inter
1433 3702 1680 3749 omnes
1738 3688 2083 3767 sequutus
2139 3704 2342 3751 suum
2410 3706 2589 3770 opus

341 3794 628 3860 induas
659 3799 910 3877 partes
947 3794 1294 3877 dispescit
1340 3792 1430 3857 84
1485 3791 1607 3857 vel
1661 3790 1751 3856 85
1791 3792 2005 3873 juxta
2066 3793 2249 3857 alios
2303 3793 2591 3861 codices

346 3903 949 3985 complectentes3
989 3902 1250 3983 prima,
1287 3917 1474 3983 quae
1513 3898 1598 3962 de
1634 3900 1967 3981 personis
2002 3899 2231 3963 sacris
2268 3899 2589 3986 disserit,

345 4008 438 4073 68
471 4010 716 4093 capita
747 4010 996 4093 habet,
1035 4008 1118 4076 19
1154 4009 1242 4074 de
1275 4007 1656 4091 Episcopis
1694 4012 1913 4090 atque
1972 4006 2061 4071 49
2114 4005 2203 4072 de
2262 4005 2589 4093 Clericis;

501 4246 582 4314 (ι)
655 4240 806 4297 Hm.
831 4240 1034 4298 Eram.
1061 4242 1154 4299 zib.
1177 4247 1229 4312 5,
1257 4256 1371 4313 cap.
1401 4246 1486 4299 38.
