3332 5100
1223 342 1580 408 *245-

295 489 458 556 tatis
491 491 614 558 vel
645 491 925 556 fraudis
989 491 1475 574 suspicionem
1538 490 1828 574 penitus
1883 491 2232 558 excludit:
2287 494 2528 576 quoad

293 596 689 681 scientiam,
730 595 1202 663 Cassiodorus
1270 598 1622 680 Dionysio
1683 615 2004 663 coaevus
2063 602 2376 664 testatur
2431 600 2526 684 (1)

291 706 474 770 hunc
505 705 868 771 hominem
904 706 975 770 in
1010 723 1278 789 graeco
1308 710 1528 790 atque
1590 705 1820 770 latino
1884 705 2228 771 idiomate
2279 724 2526 772 versa-

292 814 636 878 tissimum
669 814 917 892 fuisse,
959 822 1030 876 et
1062 811 1558 877 Decretalium
1595 812 2140 878 Pontificiarum
2194 814 2528 878 notitiam

290 921 776 1004 plenissimam
812 928 1279 1004 assequutum
1310 938 1495 1002 esse,
1535 925 1787 1003 utpote
1822 919 2093 984 Romae
2146 920 2530 1004 degentem

293 1030 362 1092 et
421 1028 735 1092 omnium
802 1027 1397 1093 documentorum
1464 1027 2094 1110 diligentissimum
2161 1028 2528 1111 inquisito-

289 1151 464 1199 rem:
502 1134 591 1199 de
623 1134 850 1217 ipsius
886 1135 1252 1216 probitate
1298 1134 1634 1199 dubitare
1700 1134 2107 1217 nequimus,
2176 1135 2532 1219 siquidem

290 1243 476 1307 idem
503 1240 977 1307 Cassiodorus
1040 1241 1472 1323 Dionysium
1537 1242 1747 1306 nobis
1801 1241 2097 1307 exhibet
2161 1246 2530 1326 tamquam

288 1353 526 1416 virum
559 1351 878 1415 maxima
909 1350 1184 1433 pietate
1237 1349 1649 1433 praeditum
1712 1351 2260 1435 praeclarisque
2305 1353 2528 1418 virtu·

288 1459 479 1523 tibus
511 1458 930 1540 fulgentem,
965 1457 1285 1521 moribus
1321 1457 1608 1523 omnino
1670 1457 2072 1523 Romanum
2128 1462 2201 1523 et
2247 1459 2340 1524 ab
2398 1460 2532 1524 usi-

288 1566 417 1631 bus
451 1565 769 1630 nationis
804 1563 1120 1646 Scythae
1153 1582 1455 1647 prorsus
1490 1565 1832 1629 alienum.

464 1671 608 1737 Sub
637 1676 939 1754 aspectu
948 1672 1291 1756 juridico,
1332 1672 1669 1754 quamvis
1707 1672 2044 1737 collectio
2080 1671 2536 1755 Dionysiana

288 1779 585 1862 privata
634 1779 1071 1843 auctoritate
1135 1781 1472 1844 confecta
1537 1784 1674 1864 est,
1745 1784 1989 1845 tamen
2049 1782 2141 1845 ab
2203 1781 2536 1847 Ecclesia

287 1887 613 1952 Romana
645 1889 948 1968 recepta
980 1887 1439 1970 probataque
1471 1889 1631 1970 fuit,
1661 1905 1824 1954 cum
1870 1889 2306 1972 praesertim
2338 1888 2534 1956 Sum-

288 2013 442 2060 mus
474 1994 814 2060 Pontifex
838 1992 1252 2059 Hadrianus
1282 1995 1315 2058 I
1342 1996 1544 2059 illam
1572 1997 2055 2061 monumentis
2110 1998 2538 2080 quibusdam

289 2105 582 2166 auctam
618 2099 879 2165 Carolo
910 2100 1171 2184 Magno
1244 2101 1517 2168 Romae
1575 2103 1903 2170 versanti
1964 2104 2352 2170 donaverit
2413 2106 2534 2189 (2);

291 2213 367 2273 ut
433 2209 628 2284 enim
698 2210 1035 2292 apposite
1105 2210 1626 2275 animadvertit
1688 2211 1755 2276 J.
1841 2211 2171 2295 Baptista
2231 2213 2534 2278 Bartoli:

299 2316 594 2400 “Neque
658 2317 738 2380 fit
804 2317 1202 2383 verisimile
1253 2317 1676 2383 Pontificem
1737 2317 2102 2383 Summum
2182 2337 2538 2384 canonum

294 2422 659 2508 Codicem,
700 2442 913 2507 quem
948 2443 1095 2488 non
1123 2425 1281 2507 ipse
1324 2425 1614 2490 omnino
1651 2425 2025 2508 probaret,
2079 2443 2213 2508 per
2262 2425 2540 2492 Gallias

292 2533 625 2616 aliasque
653 2531 992 2615 regiones
1020 2532 1387 2615 divulgari
1415 2532 1735 2599 voluisse
1771 2533 1935 2619 (3).„

468 2639 626 2703 214.
727 2637 1076 2704 Collectio
1111 2640 1488 2705 Hadriana
1523 2639 1720 2704 dicta
1754 2644 1867 2705 est
1895 2640 2087 2705 idem
2116 2641 2347 2706 codex
2373 2642 2540 2707 Dio-

289 2747 648 2827 nysianus
686 2747 1113 2829 quibusdam
1152 2747 1694 2811 accessionibus
1742 2746 2260 2830 locupletatus:
2328 2767 2544 2815 voca-

291 2857 406 2918 tur
441 2854 846 2935 Hadriana,
886 2873 1029 2918 non
1063 2854 1253 2937 quod
1287 2854 1498 2935 hujus
1565 2854 2019 2919 collectionis
2076 2854 2233 2919 sive
2287 2855 2544 2921 harum

293 2960 744 3025 additionum
779 2967 1035 3026 auctor
1070 2963 1227 3043 ipse
1263 2961 1679 3025 Hadrianus
1713 2962 1955 3045 fuerit,
1992 2961 2120 3027 sed
2171 2963 2341 3045 quia
2408 2964 2546 3027 iste

293 3066 626 3133 Summus
658 3069 998 3134 Pontifex
1034 3069 1296 3148 Carolo
1363 3070 1457 3135 M.
1518 3070 1969 3136 Francorum
2028 3070 2186 3153 regi
2246 3070 2546 3135 Romam

294 3177 626 3241 venienti
658 3178 982 3259 tradidit;
1022 3178 1442 3261 appellatur
1471 3179 1692 3243 etiam
1763 3177 1991 3246 Codex
2055 3200 2391 3244 canonum
2425 3198 2546 3245 an-

298 3285 803 3367 tonomastice,
835 3287 1138 3367 propter
1171 3302 1549 3364 summam,
1604 3301 1750 3367 qua
1785 3283 2177 3366 gaudebat,
2237 3285 2546 3349 auctori-

296 3392 549 3473 tatem,
587 3408 751 3455 cum
782 3392 1160 3474 praefatus
1195 3391 1536 3456 Pontifex
1563 3389 2072 3456 collectionem
2104 3391 2341 3475 ipsam
2389 3409 2546 3473 pro-

297 3499 517 3565 basse
551 3500 950 3565 videretur.

483 3605 911 3672 Collectioni
943 3607 1280 3689 Dionysii
1307 3607 1570 3689 Exigui
1625 3607 2148 3687 additamenta,
2188 3624 2376 3689 quae
2409 3605 2552 3671 Ha-

300 3714 633 3779 drianam
663 3715 1114 3779 constituunt
1150 3718 1223 3778 et
1259 3733 1301 3778 a
1330 3713 1787 3798 Dionysiana
1822 3714 2297 3796 distinguunt,
2351 3714 2552 3777 facta

445 3988 464 4047 (
477 3988 522 4052 1)
589 3984 930 4040 Divinarum
953 3983 1294 4051 Lectionum,
1319 4000 1440 4052 cap.
1466 3986 1550 4038 24.

446 4056 522 4121 (2)
598 4058 634 4112 J
640 4058 853 4111 acobus
879 4057 1216 4111 sirmondus
1239 4056 1525 4123 observat,
1552 4054 1706 4122 quod
1734 4051 1973 4107 Carolus
2014 4052 2275 4119 Magnus,
2322 4050 2556 4105 Hadria-

304 4145 381 4182 no
405 4129 438 4181 1
461 4129 739 4183 Pontifice
764 4133 853 4182 ter
877 4130 1115 4183 Romam
1138 4129 1312 4191 venit,
1334 4132 1393 4181 et
1412 4125 1784 4180 Constantius
1808 4129 1976 4193 putat
2024 4126 2078 4177 ei
2112 4126 2175 4176 in
2200 4126 2384 4191 primo
2429 4127 2556 4193 ejus

307 4201 562 4254 adventu
587 4202 978 4255 collectionem
1007 4202 1164 4253 illam
1186 4200 1454 4254 traditam
1479 4198 1679 4252 fuisse.
1728 4223 1731 4226 ·

457 4269 538 4342 (3)
608 4270 738 4326 Jur.
772 4270 890 4326 Gan
936 4272 1126 4328 [nst-it.
1146 4285 1266 4341 cap.
1289 4271 1374 4324 47.
