3332 5100
1650 306 2003 407 ..m-⁸.

711 490 1152 567 magistratus
1176 488 1574 563 assignavit,
1611 489 1728 564 qui
1755 506 1907 549 cum
1926 494 2259 564 potestate
2282 494 2691 565 praeessent3
2712 502 2944 549 unum·

713 587 844 646 que
874 570 1169 631 omnium
1210 569 1606 645 principem,
1641 576 1710 629 et
1740 571 2107 631 maximum
2159 569 2742 644 certissimumque
2776 570 2947 629 veri-

711 651 872 710 tatis
900 651 1298 725 magistrum
1327 666 1474 709 esse
1505 651 1739 723 voluit,
1773 652 1884 710 cui
1912 652 2145 710 claves
2172 650 2371 725 regni
2399 651 2742 709 coelorum
2772 665 2947 709 com-

713 732 916 791 misit.
958 732 1096 791 Tibi
1139 733 1302 790 dabo
1332 732 1546 791 claves
1597 732 1783 809 reyni
1814 733 2161 791 coelorum.
2218 729 2625 809 (l).--Pasce
2669 747 2947 809 cynos...

703 830 906 893 pasce
959 829 1129 871 oves:
1166 810 1452 890 (2)-—e90
1494 814 1727 889 roqavi
1780 829 1898 889 pro
1948 818 2029 885 te,
2073 817 2148 871 ut
2173 828 2309 870 non
2356 813 2617 887 deficiat
2634 814 2795 887 fides
2830 817 2951 869 tua

716 891 1107 972 (3).-·-Haec
1135 891 1446 964 sociatae,
1483 892 1793 966 quamvis
1823 909 1911 951 ex
1940 892 2321 951 hominibus
2364 900 2650 965 constet,
2684 908 2821 951 non
2850 908 2948 951 se-

713 988 835 1033 cus
864 989 946 1031 ac
969 972 1192 1032 civilis
1241 972 1706 1046 communitas,
1740 981 1966 1032 tamen
2014 980 2287 1047 propter
2315 973 2516 1031 finem
2544 972 2681 1032 sibi
2706 972 2953 1031 consti-

713 1060 953 1127 tutum,
988 1060 1192 1127 atque
1215 1052 1683 1126 instrumenta,
1710 1053 1955 1127 quibus
1979 1053 2067 1111 ad
2090 1054 2293 1112 finem
2316 1053 2688 1127 contendit,
2724 1068 2952 1127 super-

712 1134 1044 1195 naturalis
1093 1140 1216 1204 est,
1264 1139 1334 1192 et
1383 1132 1776 1208 spiritualis:
1832 1140 2037 1207 atque
2092 1132 2349 1192 idcirco
2399 1132 2842 1208 distinguitur
2868 1148 2953 1193 ac

715 1214 952 1273 differt
980 1230 1022 1273 a
1051 1213 1374 1273 societate
1423 1214 1633 1273 civili:
1668 1219 1755 1286 et,
1792 1214 1970 1288 quod
2009 1214 2372 1289 plurimum
2400 1213 2707 1287 interest,
2743 1214 2953 1272 socie·

714 1302 820 1355 tas
868 1300 970 1354 est
999 1308 1250 1371 genere
1281 1301 1348 1353 et
1397 1293 1544 1353 iure
1598 1294 1928 1369 perfecta,
1964 1310 2118 1353 cum
2146 1294 2537 1354 adiumenta
2582 1294 2673 1353 ad
2700 1294 2953 1353 incolu-

715 1374 1020 1435 mitatem
1049 1374 1520 1448 actionemque
1568 1390 1758 1433 suam
1786 1375 2194 1449 necessaria,
2220 1375 2570 1435 voluntate
2592 1374 2957 1433 beneficio-

716 1471 847 1531 que
895 1454 1264 1514 conditoris
1313 1454 1438 1527 sui,
1475 1455 1699 1513 omnia
1728 1454 1798 1514 in
1846 1470 1918 1515 se
1967 1461 2035 1514 et
2086 1471 2207 1530 per
2260 1470 2330 1513 se
2384 1455 2533 1529 ipsa
2580 1455 2954 1530 possideat.

716 1536 905 1596 Sicut
933 1535 1108 1608 finis,
1142 1535 1321 1609 quod
1354 1536 1573 1594 tendit
1601 1534 1931 1608 Ecclesia,
1964 1535 2167 1611 longe
2206 1535 2668 1595 nobilissimus
2697 1541 2822 1609 est,
2860 1536 2957 1593 ita

717 1616 862 1676 eius
908 1622 1202 1691 potestas
1253 1622 1355 1673 est
1375 1616 1681 1676 omnium
1731 1616 2334 1690 praestantissima,
2396 1632 2615 1691 neque
2668 1616 2955 1690 imperio

717 1697 904 1757 civili
934 1702 1154 1771 potest
1177 1695 1414 1754 haberi
1442 1696 1745 1769 inferior,
1778 1703 1895 1756 aut
1926 1697 2147 1756 eidem
2173 1712 2323 1755 esse
2352 1697 2489 1755 ullo
2524 1696 2719 1756 modo
2752 1698 2959 1756 obno-

714 1776 1206 1837 xia.—-Revera
1243 1776 1431 1835 Iesus
1481 1774 1783 1837 Christus
1813 1777 2150 1851 Apostolis
2201 1777 2339 1835 suis
2385 1777 2601 1837 libera
2631 1778 2961 1836 mandata

717 1858 904 1917 dedit
933 1857 1004 1917 in
1031 1872 1250 1929 sacra,
1284 1857 1604 1915 adiuncta
1657 1865 1799 1915 tum
1828 1858 2265 1917 ferendarum
2294 1858 2521 1933 legum
2571 1857 2720 1917 veri
2746 1857 2958 1917 nomi-

718 1940 826 1998 nis
858 1939 1210 2011 facultate,
1245 1944 1387 1996 tum
1415 1938 1707 2012 gemina,
1742 1954 1917 2012 quae
1946 1939 2107 1997 hinc
2142 1939 2577 2012 consequitur
2604 1938 2963 2000 iudicandi

717 2019 1176 2095 puniendique
1209 2026 1564 2092 potestate.
1601 2021 1821 2077 “Data
1850 2024 1943 2079 est
1972 2020 2135 2077 mihi
2161 2021 2373 2088 omnis
2393 2024 2689 2099 potestas
2715 2020 2792 2077 in
2818 2036 2957 2078 coe-

724 2101 820 2172 „lo
858 2104 916 2157 et
944 2100 1019 2157 in
1041 2104 1246 2174 terra,·
1274 2105 1494 2157 euntes
1524 2116 1669 2175 erqo
1700 2102 1911 2158 docete
1942 2116 2161 2158 omnes
2203 2105 2480 2175 qentea...
2514 2102 2810 2159 docentes
2855 2117 2963 2159 eos

724 2196 1018 2252 „servare
1080 2180 1303 2237 omnia
1353 2196 1793 2257 quaecumque
1836 2181 2158 2239 mandavi
2198 2182 2409 2253 vobiS„
2462 2178 2577 2259 (4).
2632 2180 2717 2238 Et
2763 2180 2958 2239 alibi:

724 2261 834 2321 “Si
859 2277 995 2318 non
1042 2260 1329 2317 audierit
1378 2276 1504 2331 eos,
1537 2261 1642 2318 dic
1689 2262 2057 2332 Ecclesiae„
2094 2259 2215 2339 (5).
2250 2260 2473 2333 Atque
2528 2262 2796 2320 iterum:
2835 2262 2967 2319 “In

708 2346 1029 2419 promptu
1066 2342 1366 2399 habentes
1394 2341 1629 2399 ulcisci
1653 2357 1907 2400 omnem
1936 2342 2479 2415 inobedientiam„
2524 2340 2641 2421 (6).
2674 2340 2961 2399 Rursusz

719 2423 993 2480 «durius
1050 2438 1246 2498 aqam
1295 2423 1653 2479 secundum
1689 2419 2097 2498 potestatem,
2148 2440 2347 2499 quam
2394 2423 2722 2481 Dominus
2780 2422 2969 2481 dedit

719 2503 919 2562 »mihi
947 2502 1022 2560 in
1049 2502 1569 2584 aedificationem
1616 2507 1674 2561 et
1702 2519 1838 2561 non
1864 2504 1939 2562 in
1968 2503 2509 2564 destructionem»
2542 2501 2659 2582 (7).
2711 2501 2966 2576 Itaque

719 2584 860 2642 dux
888 2583 1268 2642 hominibus
1301 2599 1446 2641 esse
1483 2583 1575 2641 ad
1627 2584 1969 2657 coelestia,
2040 2600 2175 2643 non
2206 2584 2449 2642 civitas
2498 2584 2619 2642 sed
2647 2582 2967 2642 Ecclesia

720 2663 944 2722 debet:
979 2663 1332 2736 eidemque
1360 2663 1486 2722 hoc
1520 2669 1622 2720 est
1653 2679 1894 2724 munus
1926 2665 2349 2739 assignatum
2371 2681 2411 2722 a
2439 2663 2603 2738 Deo,
2636 2671 2711 2722 ut
2740 2664 2825 2722 de
2848 2663 2963 2738 iis,

724 2759 898 2818 quae
927 2744 1327 2817 religionem
1358 2743 1723 2818 attingunt,
1758 2745 1991 2803 videat
2024 2745 2172 2819 ipsa
2202 2751 2271 2803 et
2295 2749 2570 2804 statuat:
2605 2750 2681 2803 ut
2714 2743 2967 2802 doceat

721 2839 950 2883 omnes
975 2831 1234 2899 gentes:
1269 2830 1342 2882 ut
1372 2824 1726 2882 christiani
1752 2825 2042 2883 nominis
2072 2826 2239 2884 fines
2292 2825 2514 2899 quoad
2545 2829 2787 2900 potest,
2821 2825 2967 2882 late

719 2904 1043 2980 proferat3
1070 2903 1287 2977 brevi,
1322 2912 1395 2964 ut
1424 2921 1567 2963 rem
1617 2906 2059 2964 christianam
2108 2905 2321 2964 libere
2376 2906 2829 2980 expediteque
2862 2905 2967 2964 iu·

720 2985 896 3044 dicio
928 3000 1046 3044 suo
1095 2984 1825 3044 administret.—-Hanc
1868 3001 2029 3045 vero
2082 2986 2555 3045 auctoritatem
2584 2986 2655 3044 in
2704 2985 2970 3059 seipsa.

723 3066 1100 3125 absolut-am
1147 3067 1482 3140 planeque
1529 3066 1850 3138 sui-iuris,
1886 3082 2061 3141 quae
2092 3067 2179 3124 ab
2234 3066 2677 3126 assentatrice
2710 3065 2969 3140 princi-

719 3162 877 3221 pum
908 3146 1328 3220 philosophia
1381 3147 1636 3205 iamdiu
1662 3153 2115 3221 oppugnatur,
2144 3146 2456 3206 Ecclesia
2488 3146 2619 3205 sibi
2647 3161 2966 3208 asserere

720 3228 1016 3300 itemque
1047 3225 1318 3300 publice
1347 3241 1673 3284 exercere
1703 3242 2069 3301 numquam
2122 3227 2343 3300 desiit,
2379 3226 2611 3302 primis
2663 3227 2973 3286 omnium

721 3322 841 3382 pro
891 3322 971 3364 ea
1028 3306 1614 3382 propugnantibus
1682 3307 2041 3382 Apostolis,
2106 3307 2221 3382 qui
2293 3323 2445 3367 cum
2492 3307 2970 3367 disseminare

721 3387 1169 3461 Evangelium
1199 3402 1237 3443 a
1267 3386 1687 3461 principibus
1740 3387 2149 3464 Synagogae
2184 3389 2728 3462 prohiberentur,
2772 3403 2973 3446 oons-

720 3473 946 3527 tanter
971 3467 1494 3541 respondebant,
1533 3469 1783 3527 obedire
1813 3475 2060 3547 oportet
2100 3471 2235 3528 Deo
2267 3469 2499 3547 moqis,
2536 3485 2737 3546 quam
2758 3469 2974 3527 homi-

719 3549 912 3608 nibus
943 3546 1058 3626 (8).
1114 3546 1438 3617 Eamdem
1485 3548 1708 3607 sancti
1754 3549 2105 3608 Ecclesiae
2150 3549 2388 3609 Patres
2436 3550 2777 3610 rationum
2828 3563 2975 3609 mo-

860 3775 938 3843 (1)
1013 3773 1221 3830 Matth.
1247 3771 1407 3838 XVI,
1448 3775 1532 3826 19.

861 3849 939 3917 (2)
1013 3847 1172 3902 loa-n.
1213 3843 1371 3911 XXI,
1411 3845 1478 3901 16
1522 3844 1602 3900 17.

863 3923 940 3986 (3)
1013 3917 1142 3972 Luc.
1179 3915 1480 3981 XXI1,32.

860 3992 935 4056 (4)
1005 3989 1214 4044 Matth.
1239 3986 1521 4041 XXVIII.
1551 3989 1705 4041 18-19
1735 3989 1824 4042 20.

862 4063 936 4128 (ὅ)
1006 4061 1214 4115 Matth.
1239 4059 1453 4127 XVIII,
1483 4057 1567 4114 17.
1919 4085 1922 4089 ·

863 4134 942 4200 (6)
1012 4133 1072 4184 11
1109 4131 1238 4186 Cor.
1268 4131 1344 4196 X,
1369 4130 1420 4186 6.

861 4206 939 4270 (7)
1005 4202 1062 4257 Il
1098 4201 1225 4257 Gor.
1250 4202 1414 4272 XIII,
1443 4201 1527 4259 10.

865 4274 948 4348 (8)
1023 4275 1147 4328 Act.
1174 4275 1242 4346 V,
1268 4273 1352 4329 29.
