3332 5100
1732 337 2045 395 ..-92..ῃ

769 479 982 543 litent
1026 481 1378 545 institutio
1414 481 1797 563 Primatus,
1830 484 2095 548 natura
2129 482 2499 546 societatis
2535 480 3014 564 christianae,

771 587 1222 669 organizatio
1272 587 1729 651 hierarchica
1787 587 2187 670 Ecclesiae,
2259 594 2335 651 et
2386 590 2639 671 praxis
2697 590 3023 653 omnium

771 693 1252 755 saeculorum.

952 797 1052 861 l.⁰
1128 797 1490 861 Institutio
1518 799 1878 863 Primatus
1909 800 2127 881 plane
2157 800 2430 865 evincit
2453 799 2840 865 Pontifices
2866 800 3021 864 Ma-

769 905 1002 969 ximos
1024 907 1188 987 jure
1220 923 1376 969 esse
1406 906 1779 987 praeditos
1805 908 2007 989 leges
2041 907 2422 989 condendi,
2442 909 2781 990 quoniam
2799 909 3024 989 juxta

773 1015 1158 1093 explicitas
1198 1011 1500 1075 Concilii
1536 1012 1874 1077 Vaticani
1908 1014 2388 1095 definitioneS,
2432 1013 2730 1080 “beatus
2760 1015 3023 1080 Petrus

769 1119 1162 1199 Apostolus
1192 1137 1232 1181 a
1264 1117 1546 1183 Christo
1578 1119 1883 1183 Domino
1913 1121 2346 1185 constitutus
2373 1125 2484 1186 est
2499 1120 3020 1203 Apostolorum

773 1227 1090 1289 omnium
1126 1227 1468 1307 princeps
1508 1235 1580 1289 et
1615 1227 1835 1291 totius
1883 1227 2261 1292 Ecclesiae
2315 1229 2693 1293 militantis
2726 1229 3025 1294 visibile

773 1339 1016 1415 caput,
1056 1341 1276 1415 atque
1312 1335 1402 1397 ab
1440 1335 1694 1397 eodem
1733 1334 2041 1399 Domino
2082 1341 2330 1399 nostro
2386 1335 2560 1399 Jesu
2597 1334 2881 1401 Christo
2919 1336 3024 1399 di-

773 1443 976 1503 recte
1010 1445 1080 1503 et
1112 1441 1530 1503 immediate
1560 1441 1847 1523 accepit
1881 1442 2271 1523 primatum
2304 1460 2450 1505 non
2486 1445 2764 1506 tantum
2798 1442 3026 1507 hono-

771 1547 896 1627 ris,
936 1547 1064 1609 sed
1088 1565 1314 1611 verae
1342 1535 1833 1629 propriaeque
1859 1548 2409 1630 Jurisdictionis,
2467 1548 2544 1612 in
2588 1552 3026 1631 perpetuam

773 1655 1082 1717 salutem
1118 1671 1206 1717 ac
1238 1673 1560 1735 perenne
1595 1654 1863 1718 bonum
1911 1654 2289 1719 Ecclesiae
2335 1656 2766 1734 institutum3
2826 1655 3026 1719 ideo-

775 1779 914 1843 que
948 1761 1406 1825 beatissimus
1443 1761 1723 1843 PetrUS,
1761 1760 1929 1825 fidei
1966 1761 2302 1825 columna
2350 1766 2422 1825 et
2467 1762 2845 1827 Ecclesiae
2902 1780 3025 1826 ca-

775 1869 1092 1931 tholicae
1126 1869 1683 1931 fundamentum
1715 1867 1810 1931 ad
1841 1867 1980 1931 hoc
2015 1885 2241 1950 usque
2274 1872 2558 1951 tempus
2606 1874 2679 1932 et
2732 1886 3029 1950 semper

775 1977 850 2037 in
876 1977 1024 2039 suis
1048 1977 1502 2039 successorio
1514 1995 1615 2057 us,
1650 1975 2029 2057 Episcopis
2057 1974 2370 2039 Sanctae
2394 1975 2763 2039 Romanae
2787 1974 3025 2057 Sedis,

779 2081 1052 2161 abipso
1082 2081 1452 2163 fundatae,
1484 2083 1544 2163 ej
1558 2099 1781 2163 usque
1815 2088 2287 2147 consecratae
2311 2082 2690 2164 sanguine,
2727 2082 2917 2147 vivit
2950 2088 3033 2145 et

775 2187 1148 2269 praesidet
1182 2193 1254 2251 et
1280 2189 1627 2267 judicium
1664 2195 1982 2251 exercet.
2018 2186 2224 2251 Unde
2255 2188 2619 2252 Romanus
2653 2187 3025 2270 PontifeX,

777 2295 1242 2376 prosequitur
1276 2293 1542 2358 Sancta
1578 2293 1932 2376 Synodus,
1972 2295 2094 2375 qui
2128 2297 2202 2358 in
2235 2294 2376 2358 hac
2408 2293 2776 2359 Cathedra
2807 2294 3029 2358 Petro

777 2402 1124 2484 succedit,
1166 2402 1560 2464 secundum
1595 2398 1863 2465 Christi
1910 2401 2136 2481 ipsius
2193 2402 2716 2465 institutionem
2758 2401 3029 2483 prima-

777 2512 928 2570 tum
960 2508 1156 2570 Petri
1182 2510 1254 2568 in
1286 2510 1702 2572 universam
1735 2506 2140 2571 Ecclesiam
2180 2507 2480 2588 obtinet,
2520 2508 2725 2590 cujus
2759 2509 3029 2591 prima-

779 2620 894 2680 tus
922 2616 1032 2678 vis
1068 2626 1138 2678 et
1170 2616 1358 2678 ratio
1396 2616 1686 2678 minime
1721 2617 1861 2679 sita
1894 2621 2005 2679 est
2035 2617 2110 2679 in
2141 2634 2340 2680 mero
2379 2617 2585 2682 oficio
2635 2616 3028 2698 inspectio-

779 2724 890 2784 nis
926 2724 1046 2786 vel
1082 2724 1524 2804 directionis,
1564 2721 1800 2786 sedin
1854 2722 2075 2804 plena
2130 2727 2203 2787 et
2262 2741 2603 2807 suprema
2659 2727 3032 2806 potestate

773 2831 1298 2912 jnrisdictionis
1332 2832 1406 2892 in
1442 2832 1859 2895 universam
1895 2829 2328 2914 Ecclesiam,
2363 2851 2510 2896 non
2542 2833 2773 2897 solum
2807 2833 2881 2895 in
2915 2848 3028 2895 re-

779 2940 936 3020 bus,
980 2956 1164 3020 quae
1192 2938 1284 3000 ad
1317 2938 1530 3000 fidem
1564 2944 1635 3000 et
1664 2955 1927 3020 mores,
1991 2939 2119 3002 sed
2169 2939 2391 3003 etiam
2451 2940 2526 3003 in
2554 2940 2669 3023 iis,
2708 2957 2896 3022 quae
2931 2939 3032 3004 ad

781 3046 1240 3126 disciplinam
1276 3054 1348 3108 et
1378 3046 1726 3126 regimem
1760 3044 2136 3110 Ecclesiae
2169 3064 2301 3129 per
2329 3050 2560 3112 totum
2610 3050 2858 3112 orbem
2894 3048 3027 3112 dif-

781 3156 988 3218 fusae
1020 3158 1428 3238 pertinent„
1474 3156 1589 3238 (l).

958 3266 1062 3326 2.0
1154 3264 1434 3328 Natura
1462 3263 1778 3344 juridica
1833 3263 2214 3329 Ecclesiae
2271 3282 2316 3327 a
2372 3263 2659 3330 Christo
2716 3263 3028 3329 Domino

781 3376 1151 3454 tamquam
1186 3374 1556 3436 societatis
1588 3372 1965 3454 perfectae
2011 3379 2230 3454 atque
2263 3372 2822 3455 independentis
2869 3373 3030 3436 fun-

783 3480 1000 3543 datae
1038 3500 1080 3542 a
1116 3480 1420 3544 Summis
1454 3479 1918 3544 Pontificibus
1953 3480 2281 3544 eamdem
2309 3485 2748 3562 potestatem
2785 3483 3030 3563 postu-

783 3587 912 3650 lat.
942 3586 1226 3650 Etenim
1246 3588 1318 3650 in
1354 3588 1548 3650 omni
1576 3586 1927 3650 societate
1961 3587 2222 3668 aliquis
2250 3587 2343 3650 sit
2370 3589 2681 3669 oportet,
2715 3587 2837 3669 qui
2857 3587 3033 3668 jura

783 3700 856 3758 et
882 3696 1122 3758 officia
1154 3696 1599 3778 singulorum
1636 3693 1992 3777 ordinum,
2025 3695 2375 3777 actioneS,
2413 3713 2555 3778 reS,
2593 3697 2891 3778 negotia
2918 3696 3029 3777 ju-

785 3808 1118 3890 diciaque
1154 3808 1402 3890 aequis
1432 3807 1713 3888 legibus
1747 3804 2187 3887 moderetur,
2219 3805 2541 3886 jubendo
2579 3824 2668 3870 ea
2701 3823 2888 3888 quae
2923 3805 3032 3870 fa·

785 3920 1044 3982 cienda
1102 3926 1292 4000 sunt,
1356 3924 1426 3981 et
1486 3917 1853 3982 contraria
1908 3916 2385 3998 prohibendo:
2455 3914 2809 3997 siquidem
2874 3913 3034 3977 sine

783 4028 1066 4108 legibus
1102 4044 1240 4090 nec
1278 4028 1528 4090 domus
1568 4025 1741 4106 ulla,
1776 4041 1914 4087 nec
1947 4024 2236 4106 civitas,
2273 4040 2409 4088 nec
2463 4040 2668 4105 gens,
2720 4039 2856 4086 nec
2911 4021 3033 4086 ho-

928 4276 1004 4346 (1)
1084 4276 1206 4326 Vid.
1236 4274 1430 4326 Const.
1458 4272 1720 4338 Dogmat.
1749 4269 1838 4326 De
1862 4270 2110 4327 Ecclesia
2141 4257 2364 4340 Christi,
2389 4287 2550 4340 capp.
2575 4271 2621 4338 Ι,
2659 4270 2717 4324 ΙΙ
2753 4273 2812 4323 et
2833 4268 2939 4323 111.
