3332 5100
1656 340 2011 400 -350-

719 491 828 541 tur
861 486 1135 556 propter
1164 496 1472 541 caussam
1494 482 1584 541 ad
1602 499 1805 557 quam
1832 482 2147 557 refertur,
2181 482 2253 541 id
2275 488 2379 541 est
2407 499 2602 543 omne
2636 484 2708 542 in
2735 498 2960 559 potes·

719 569 861 621 tate
890 562 1307 636 arbitrioque
1336 562 1710 623 Ecclesiae:
1744 570 1974 623 cetera
2004 579 2190 637 vero,
2219 578 2392 638 quae
2423 564 2627 623 civile
2675 572 2744 623 et
2791 565 2962 641 poli-

720 643 929 701 ticum
958 659 1173 717 genus
1205 644 1697 717 complectitur,
1731 652 1991 703 rectum
2021 650 2124 703 est
2169 643 2358 702 civili
2386 646 2777 703 auctoritati
2805 662 2962 705 esse

721 723 1050 793 subiecta,
1080 739 1232 781 cum
1274 723 1462 783 Iesus
1514 723 1816 784 Christus
1872 726 2166 797 iusserit,
2213 740 2387 798 quae
2439 724 2745 785 Caesaris
2795 728 2956 796 sint,

719 803 914 862 reddi
960 801 1255 876 Caesari,
1292 820 1465 877 quae
1496 805 1641 878 Dei,
1676 804 2246 864 Ded-Incidunt
2289 811 2513 863 autem
2549 808 2962 881 quandoque

718 890 1045 957 tempora,
1079 900 1229 943 cum
1266 885 1439 944 alius
1472 901 1739 959 quoque
1770 886 2174 944 concordiae
2213 886 2448 944 modus
2491 886 2580 944 ad
2628 888 2960 961 tranquil-

717 965 853 1023 lam
874 962 1261 1023 libertatem
1288 966 1493 1038 valet,
1528 966 1843 1025 nimirum
1873 966 1930 1024 si
1961 966 2076 1039 qui
2106 965 2448 1040 principes
2471 982 2699 1026 rerum
2738 967 2959 1041 publi-

720 1059 953 1103 carum
998 1050 1065 1102 et
1109 1044 1426 1105 Pontifex
1468 1060 1787 1105 romanus
1831 1046 1914 1104 de
1965 1062 2038 1105 re
2069 1047 2298 1120 aliqua
2326 1055 2645 1120 separata
2675 1048 2746 1105 in
2772 1048 2960 1106 idem

717 1125 1042 1200 placitum
1072 1127 1559 1185 consenserint.
1616 1126 1872 1199 Quibus
1916 1126 2226 1185 Ecclesia
2269 1128 2684 1201 temporibus
2709 1134 2960 1187 mater-

716 1222 847 1263 nae
877 1206 1153 1279 pietatis
1181 1207 1431 1265 eximia
1478 1208 1882 1266 documenta
1929 1208 2234 1282 praebet,
2266 1223 2420 1265 cum
2447 1208 2800 1267 facilitatis
2856 1209 2958 1267 in-

719 1286 1248 1360 dulgentiaeque
1301 1294 1561 1347 tantum
1611 1288 1937 1345 adhibere
1995 1289 2229 1362 soleat,
2283 1295 2612 1361 quantum
2658 1289 2960 1347 maxime

715 1371 958 1440 potest.

877 1446 1224 1506 Eiusmodi
1253 1452 1376 1520 est,
1412 1463 1614 1522 quam
1644 1448 2023 1507 summatim
2054 1447 2424 1522 attigimus,
2474 1448 2698 1507 civilis
2747 1448 2960 1507 homi-

717 1542 876 1585 num
906 1527 1249 1585 societatis
1279 1528 1647 1586 christiana
1680 1529 2100 1602 temperatio,
2159 1534 2226 1585 et
2278 1529 2449 1587 haec
2509 1545 2644 1587 non
2701 1535 2960 1588 temere

716 1622 937 1680 neque
974 1607 1065 1664 ad
1093 1607 1443 1666 libidinem
1472 1608 1629 1667 ficta
1660 1609 1782 1669 sed
1813 1624 1902 1667 ex
1931 1608 2246 1669 maximis
2296 1610 2501 1667 ducta
2555 1608 2959 1668 verissimis-

718 1704 848 1761 que
870 1686 1247 1762 principiis.
1283 1704 1457 1761 quae
1487 1692 1633 1763 ipsa
1662 1689 1958 1748 naturali
1981 1690 2243 1747 ratione
2273 1690 2777 1747 confirmantur.

877 1767 1065 1826 Talis
1096 1778 1321 1827 autem
1348 1769 1790 1828 conformatio
1844 1768 2264 1843 reipublicae
2294 1769 2465 1828 nihil
2514 1769 2741 1842 habet,
2775 1770 2964 1842 quod

717 1849 928 1922 possit
948 1856 1065 1907 aut
1092 1849 1313 1907 minus
1342 1849 1562 1908 videri
1592 1850 1871 1924 dignum
1909 1850 2351 1924 amplitudine
2384 1850 2788 1923 principum,
2837 1856 2964 1908 aut

713 1944 953 2002 parum
985 1929 1326 1988 decorum:
1361 1936 1758 2003 tantumque
1810 1930 2025 2004 abest,
2063 1936 2138 1989 ut
2164 1930 2314 1988 iura
2341 1930 2716 1988 maiestatis
2741 1929 2962 1989 immi-

716 2015 882 2067 nuat
911 2016 983 2067 ut
1012 2010 1233 2083 potius
1276 2010 1627 2069 stabiliora
1657 2018 1861 2085 atque
1913 2010 2307 2087 augustiora
2365 2010 2598 2069 faciat.
2632 2010 2863 2083 Imm0,
2897 2010 2962 2069 si

718 2090 919 2147 altius
971 2090 1454 2164 consideretur,
1511 2091 1717 2150 habet
1775 2091 1893 2150 illa
1967 2090 2407 2149 conformatio
2466 2091 2962 2165 perfectionem

718 2169 1079 2241 quamdam
1128 2186 1467 2245 magnam,
1506 2187 1639 2244 qua
1691 2178 1928 2231 carent
1973 2171 2228 2229 caeteri
2259 2186 2489 2229 rerum
2525 2172 2960 2245 publicarum

716 2250 920 2308 modi:
955 2265 1043 2307 ex
1070 2253 1285 2323 eaque
1315 2251 1579 2309 fructus
1610 2259 1835 2309 essent
1865 2268 2029 2311 sane
2052 2252 2472 2310 excellentes
2504 2258 2572 2309 et
2593 2252 2768 2309 varii
2798 2267 2958 2310 con-

715 2330 1037 2402 secuturi,
1072 2330 1130 2388 si
1174 2331 1364 2389 modo
1420 2348 1611 2390 suum
1661 2339 1890 2405 partes
1939 2331 2250 2407 singulae
2284 2333 2572 2405 gradum
2615 2338 2954 2405 tenerent,

717 2418 921 2484 atque
966 2410 1133 2468 illud
1182 2412 1446 2483 integre
1494 2411 1867 2484 efficerent,
1927 2413 2038 2471 cui
2069 2428 2516 2485 unaquaeque
2565 2413 2960 2486 praeposita

717 2500 839 2566 est,
868 2491 1165 2552 officium
1202 2501 1270 2549 et
1298 2492 1913 2552 munus—Revera
1943 2493 2011 2550 in
2045 2509 2147 2565 ea,
2196 2508 2398 2568 quam
2443 2498 2598 2550 ante
2632 2493 2955 2568 diximuS,

716 2573 1194 2631 constitutione
1216 2573 1657 2646 reipublicae,
1689 2581 1842 2632 sunt
1865 2575 2139 2647 quidem
2163 2574 2396 2632 divina
2427 2581 2632 2647 atque
2659 2575 2962 2633 humana

714 2650 1150 2712 convenienti
1180 2653 1414 2711 ordine
1449 2655 1722 2727 partita:
1770 2653 2135 2713 incolumia
2165 2654 2418 2712 civium
2460 2655 2634 2726 iura,
2689 2655 2960 2712 eadem-

715 2749 845 2806 que
876 2732 1281 2805 divinarum,
1315 2734 1748 2806 naturalium,
1783 2733 2365 2808 humanarumque
2395 2735 2622 2809 legum
2665 2734 2960 2808 patroci-

714 2813 825 2871 nio
856 2813 1159 2872 defensa:
1189 2814 1564 2873 officiorum
1595 2815 2013 2889 singulorum
2037 2831 2191 2874 cum
2215 2816 2560 2892 sapienter
2588 2815 2963 2874 constituta

715 2893 1102 2969 descriptio,
1139 2901 1280 2953 tum
1304 2901 1678 2969 opportune
1701 2895 1966 2954 sancita
1998 2896 2328 2954 custodia.
2358 2894 2623 2969 Singuli
2653 2895 2961 2954 homines

714 2973 785 3031 in
836 2973 962 3032 hoc
1026 2975 1113 3033 ad
1164 2976 1643 3049 sempiternam
1688 2976 1875 3033 illam
1925 2976 2273 3034 civitatem
2323 2976 2531 3034 dubio
2590 2975 2958 3034 laborioso-

715 3070 845 3127 que
878 3055 1216 3114 curriculo
1248 3056 1379 3115 sibi
1430 3056 1652 3114 sciunt
1676 3062 1946 3130 praesto
1979 3073 2148 3129 esse,
2199 3072 2365 3130 quos
2407 3062 2550 3114 tuto
2585 3061 2962 3130 sequantur

716 3134 805 3193 ad
848 3134 1367 3209 ingrediendum
1411 3137 1639 3208 duceS,
1675 3137 1762 3194 ad
1811 3136 2343 3209 perveniendum
2373 3137 2742 3210 adiutores;
2775 3136 2960 3211 pari-

714 3221 951 3288 terque
985 3216 1376 3291 intelligunt
1433 3217 1562 3275 sibi
1594 3217 1762 3275 alios
1793 3233 1940 3274 esse
1990 3218 2078 3274 ad
2117 3217 2574 3290 securitatem,
2607 3218 2694 3275 ad
2743 3217 2960 3276 fortu-

716 3311 863 3362 nas,
900 3296 988 3353 ad
1020 3298 1367 3355 commoda
1392 3304 1687 3369 caetera,
1724 3297 1968 3370 quibus
2000 3297 2371 3356 communis
2396 3298 2566 3355 haec
2625 3297 2768 3354 vita
2798 3313 2960 3356 con-

715 3382 918 3449 stant,
935 3377 1044 3434 vel
1076 3377 1401 3451 parienda
1424 3379 1534 3435 -vel
1561 3378 2030 3436 conservanda
2061 3375 2668 3436 datos—Societas
2697 3377 2962 3436 domes-

714 3455 853 3513 tica
886 3471 1057 3528 eam,
1093 3473 1292 3529 quam
1347 3473 1469 3530 par
1517 3465 1639 3530 est,
1677 3457 2155 3516 firmitudinem
2207 3457 2608 3531 adipiscitur
2638 3475 2726 3516 ex
2757 3459 2962 3517 unius

714 3541 918 3608 atque
942 3535 1280 3594 individui
1302 3538 1665 3596 sanctitate
1697 3537 1997 3612 coniugii
2021 3538 2168 3595 iura
2199 3538 2560 3611 officiaque
2593 3537 2769 3596 inter
2800 3554 2961 3596 con-

715 3616 911 3690 iuges
972 3617 1263 3691 sapienti
1298 3617 1555 3676 iustitia
1609 3624 1676 3675 et
1707 3620 2050 3690 aequitate
2079 3624 2432 3692 reguntur3
2465 3618 2768 3676 debitum
2801 3635 2962 3677 con-

714 3702 1027 3756 servatur
1080 3698 1350 3756 mulieri
1398 3699 1628 3757 decus:
1685 3698 2054 3757 auctoritas
2085 3698 2217 3756 viri
2273 3698 2362 3756 ad
2410 3699 2797 3772 exemplum
2854 3707 2964 3756 est

712 3777 1140 3836 auctoritatis
1169 3777 1296 3836 Dei
1327 3779 1770 3836 conformata:
1805 3784 2180 3852 temperata
2210 3778 2432 3852 patria
2463 3785 2762 3852 potestas
2801 3794 2964 3838 con·

711 3857 1067 3916 venienter
1098 3857 1419 3932 dignitati
1448 3859 1683 3916 uxoris
1713 3858 2079 3932 prolisque:
2119 3859 2412 3931 denique
2435 3858 2803 3917 liberorum
2831 3861 2964 3918 tui-

712 3937 901 4010 tioni,
933 3938 1322 4011 commodis,
1355 3939 1765 3997 institutioni
1801 3939 2047 4012 optime
2097 3938 2653 3998 consulitur.—In
2704 3954 2964 4012 genere

711 4033 938 4077 rerum
988 4018 1264 4092 politico
1317 4025 1385 4076 et
1435 4019 1645 4091 civili,
1688 4019 1877 4092 leges
1930 4025 2241 4093 spectant
2296 4034 2648 4078 commune
2680 4019 2956 4093 bonum,

711 4113 933 4171 neque
956 4098 1305 4157 voluntate
1328 4099 1718 4172 iudicioque
1747 4099 1980 4158 fallaci
2009 4099 2482 4171 multitudinis,
2517 4100 2639 4158 sed
2665 4100 2960 4159 veritate

714 4176 1108 4252 iustitiaque
1140 4179 1548 4254 diriguntur:
1585 4179 1955 4238 auctoritas
1999 4180 2381 4254 principum
2429 4181 2960 4242 sanctitudinem

720 4259 1079 4332 quamdam
1111 4259 1331 4318 induit
1360 4259 1653 4319 humana
1699 4260 2041 4334 maiorem,
2092 4261 2609 4334 contineturque
2635 4277 2721 4320 ne
2750 4261 2956 4320 decli-
