3332 5100
1633 330 1989 390 -124—

690 475 1119 542 Decretales
1150 475 1511 559 rescripta
1542 474 1983 555 inserantur;
2037 473 2143 539 4.0
2175 473 2235 537 si
2263 493 2307 537 a
2371 473 2640 555 populo
2668 491 2924 557 accep-

692 589 933 648 tentur
967 585 1040 648 et
1073 584 1149 649 vi
1184 582 1725 648 consuetudinis
1760 584 1959 665 leges
1997 581 2339 647 evadant.

825 691 976 755 105.
1075 689 1328 770 Quoad
1362 695 1646 773 tempus
1680 708 1775 754 ex
1806 708 1945 773 quo
1981 691 2237 771 incipit
2269 689 2391 753 vel
2428 689 2694 751 desinit
2724 689 2936 751 valor

690 799 1231 881 rescriptorum,
1270 798 1453 861 haec
1480 799 1887 879 generatim
1921 817 1963 859 a
1994 797 2159 877 jure
2197 797 2497 859 definita
2555 797 2928 861 videntur.

692 907 766 971 Si
812 907 1024 988 vigor
1058 906 1579 987 rescriptorum
1635 906 2091 987 inspiciatur,
2133 905 2543 969 eorumdem
2587 923 2816 987 genus
2866 909 2936 967 et

690 1017 997 1079 formam
1022 1014 1097 1077 in
1131 1032 1273 1096 qua
1298 1014 1634 1096 eduntur,
1673 1013 2119 1095 distinguere
2169 1013 2537 1077 debemus:
2576 1013 2936 1095 rescripta

690 1123 958 1209 qratiae
983 1120 1058 1185 in
1095 1121 1343 1185 forma
1375 1122 1688 1205 qratiosa
1721 1121 2065 1204 expedita
2099 1141 2143 1185 a
2179 1121 2293 1185 die
2329 1121 2545 1185 datae
2585 1121 2736 1183 vim
2772 1137 2934 1183 exe-

692 1233 883 1311 runt;
920 1229 997 1291 in
1032 1228 1275 1291 forma
1333 1244 1514 1292 vero
1571 1230 2043 1294 commiscui-ia
2107 1245 2457 1291 concessa
2505 1247 2551 1291 a
2605 1231 2934 1309 tempore

694 1334 1166 1400 executionis:
1188 1334 1527 1399 restricta
1527 1337 1853 1422 justitiae
1871 1337 2125 1400 valere
2145 1335 2503 1417 incipiunt
2523 1355 2565 1397 a
2591 1335 2706 1399 die
2726 1353 2934 1417 prae—

694 1441 1122 1506 sentationis
1156 1441 1400 1505 factae
1426 1441 1656 1522 jndici
1691 1441 1815 1524 qui
1837 1441 1913 1505 in
1947 1459 2169 1505 causa
2221 1459 2664 1523 cognoscere
2692 1443 2930 1523 debet;

694 1548 1185 1629 praesentatio
1214 1551 1455 1613 autem
1483 1548 1758 1613 tamdiu
1813 1548 1969 1613 fieri
2005 1554 2269 1631 potest,
2311 1549 2654 1631 quamdiu
2722 1547 2936 1611 durat

694 1658 872 1721 actio
899 1659 1025 1719 aut
1057 1654 1390 1741 eaecept'io,
1430 1656 1520 1720 ob
1557 1674 1774 1738 quam
1813 1657 2207 1739 impetrata
2269 1641 2459 1737 §unt3
2499 1661 2575 1719 at
2636 1655 2696 1719 si
2740 1655 2934 1717 intra

696 1780 961 1828 annum
994 1762 1431 1845 rescriptum
1460 1780 1607 1826 non
1644 1762 2099 1845 exhibeatur,
2143 1769 2213 1827 et
2245 1763 2535 1827 interim
2591 1761 2932 1825 adversa-

692 1871 838 1933 rius
867 1869 1063 1933 aliud
1090 1870 1524 1951 rescriptum
1559 1870 2183 1952 obtinet,primum
2215 1873 2525 1951 expirat,
2559 1869 2934 1933 etiamsiin

694 1977 1043 2061 petitione
1076 1976 1375 2041 secundi
1405 1977 1613 2041 nulla
1640 1978 1729 2042 de
1758 1978 1987 2060 priori
2013 1981 2279 2042 mentio
2309 1979 2688 2059 habeatur,
2720 1979 2934 2059 Juxta

698 2084 1117 2167 explicitam
1150 2084 1558 2148 Innocentii
1583 2084 1692 2148 III
1736 2085 2309 2149 declarationem
2341 2085 2459 2169 (1).

872 2190 946 2256 Si
980 2209 1159 2257 vero
1193 2191 1509 2255 irritatio
1543 2192 2067 2276 rescriptorum
2105 2193 2547 2275 attendatur,
2577 2211 2784 2257 suum
2808 2209 2932 2257 va-

696 2301 925 2366 lorem
954 2299 1319 2382 rescripta
1345 2299 1687 2364 amittunt
1711 2302 1879 2366 vitio
1906 2303 2027 2365 vel
2053 2303 2451 2367 cessatione:
2483 2301 2688 2383 viti0,
2710 2317 2932 2381 quan-

698 2410 785 2472 do
814 2407 1122 2480 durante
1157 2414 1489 2489 tempore
1523 2410 1888 2493 rescripti,
1919 2413 2193 2493 aliquid
2213 2411 2483 2491 evenit,
2535 2429 2628 2473 ex
2654 2429 2792 2493 quo
2830 2411 2932 2473 fa-

698 2517 835 2582 cile
862 2516 1247 2598 conjicitur
1279 2516 1690 2582 Romanum
1722 2518 2147 2584 Pontificem
2183 2539 2329 2584 non
2365 2517 2674 2600 amplius
2738 2515 2932 2582 velle

695 2625 1032 2707 rescripti
1070 2626 1604 2707 executionem;
1642 2627 2073 2710 cessatione,
2107 2646 2267 2692 cum
2303 2628 2565 2690 transit
2620 2628 2928 2706 tempus,

694 2733 818 2798 vel
850 2736 1094 2796 cessat
1130 2750 1353 2801 causa
1388 2733 1478 2797 ob
1506 2751 1725 2814 quam
1757 2736 2193 2818 rescriptum
2229 2736 2497 2798 editum
2523 2734 2682 2796 fuit.

874 2839 1024 2903 106.
1121 2839 1502 2922 Rescripta
1538 2840 1811 2922 triplici
1844 2842 2023 2906 vitio
2087 2844 2427 2906 laborare
2461 2844 2788 2924 possunt:
2826 2838 2930 2904 vi-

696 2948 794 3010 tio
819 2966 1309 3032 personarum,
1347 2946 1554 3028 quae
1576 2946 1933 3010 inhabiles
1967 2948 2111 3010 sint
2137 2948 2259 3013 vel
2293 2946 2776 3010 concedendis
2810 2944 2934 3010 vel

698 3051 1102 3116 obtinendis
1137 3053 1546 3134 rescriptis3
1587 3054 1769 3119 vitio
1791 3075 2101 3138 precam,
2147 3074 2333 3138 quae
2365 3054 2754 3118 veritatem
2820 3070 2930 3116 su-

694 3159 1035 3240 primant,
1107 3158 1230 3222 vel
1292 3158 1691 3241 falsitatem
1761 3162 2205 3242 contineant;
2275 3164 2345 3224 et
2387 3160 2565 3226 vitio
2630 3160 2926 3244 formae,

698 3284 881 3348 quae
945 3265 1267 3348 legitime
1302 3270 1615 3330 exarata
1646 3285 1794 3331 non
1825 3269 2067 3332 fuerit.

872 3373 1189 3438 Primum
1220 3373 1467 3456 itaque
1498 3375 1892 3441 videndum
1927 3380 2037 3440 est
2069 3394 2427 3458 quaenam
2473 3392 2788 3456 persona
2822 3392 2930 3438 re-

696 3481 969 3565 scripta
1003 3481 1403 3546 concedere
1422 3486 1548 3547 aut
1564 3482 1959 3565 impetrare
1989 3484 2640 3566 possit.Rescripta
2672 3484 2930 3564 imper-

694 3591 814 3656 tiri
847 3591 1041 3655 solus
1067 3590 1191 3654 ille
1224 3590 1427 3655 valet
1452 3590 1573 3672 qui
1598 3607 1939 3673 suprema
1973 3596 2337 3674 potestate
2371 3574 2624 3674 pollet,
2700 3592 2932 3672 iisque

694 3702 975 3762 tantum
1007 3699 1082 3762 in
1114 3698 1354 3779 rebus,
1387 3715 1572 3779 quae
1599 3698 1825 3781 ipsius
1860 3699 2163 3782 imperio
2221 3700 2724 3782 subjiciuntur;
2764 3698 2932 3760 hinc

694 3806 888 3872 solus
922 3806 1285 3889 legitimus
1319 3805 1684 3871 Romanus
1711 3806 2047 3872 Pontifex
2073 3810 2145 3872 in
2183 3810 2397 3872 rebus
2433 3806 2930 3890 spiritualibus

696 3920 768 3980 et
791 3915 1334 3998 ecclesiasticis,
1373 3915 1746 3999 Principes
1782 3921 2023 3980 autem
2061 3916 2391 3998 Supremi
2427 3916 2503 3978 in
2565 3918 2930 3996 tempora-

694 4028 879 4090 libus
948 4026 1407 4092 rescribendi
1467 4027 1906 4092 auctoritate
1961 4028 2307 4110 gaudent,
2371 4042 2764 4106 eorumque
2818 4040 2932 4086 re-

835 4278 915 4346 (1)
989 4275 1127 4345 Cap.
1156 4281 1221 4329 23
1249 4274 1312 4330 dc
1335 4274 1521 4332 Boecr.
