3332 5100
1632 359 1989 423 -326—

692 516 768 570 ut
800 506 1007 569 iidem
1031 507 1266 568 fideles
1300 506 1387 567 ad
1409 521 1642 566 veram
1666 507 1987 581 pietatem
2019 507 2487 566 vehementius
2532 507 2812 579 incensi,
2848 521 2934 565 ac

692 606 815 666 per
844 588 1310 649 Poenitentiae
1344 596 1839 647 sacramentum
1869 591 1907 645 a
1935 595 2367 661 peccatorum
2391 589 2674 647 maculis
2700 589 2930 661 expia-

691 672 767 745 ti,
800 670 1114 729 fidentius
1139 684 1294 727 suas
1324 684 1563 743 preces
1596 668 1685 726 ad
1714 669 1929 725 Deum
1959 669 2337 741 effundant,
2393 671 2676 743 ejusque
2736 669 2930 727 mise-

690 751 1059 810 ricordiam
1081 755 1149 808 et
1176 749 1469 823 gratiam
1495 759 2015 821 consequantur.
2650 781 2656 789 -

811 830 1014 890 Hisce
1036 830 1246 904 igitur
1266 828 1565 904 Litteris,
1596 831 1999 887 auctoritate
2019 829 2261 887 Nostra
2287 831 2694 903 Apostoliea„
2724 827 2934 885 omni-

690 912 819 971 bus
847 918 915 970 et
943 910 1228 985 singulis
1258 909 1609 983 utriusque
1644 925 1849 967 sexus
1881 911 2197 967 catholici
2227 911 2409 967 orbis
2441 911 2754 967 fidelibus
2784 909 2934 965 Ple-

690 993 956 1051 nariam
985 987 1486 1064 Indulgentiam
1509 988 1599 1047 ad
1628 988 1843 1047 instar
1885 989 1929 1049 J
1933 991 2183 1047 ubilaei
2241 991 2696 1063 concedimus,
2748 989 2934 1047 intra

689 1072 890 1132 unius
919 1078 1181 1130 tantum
1203 1070 1450 1129 mensis
1481 1069 1771 1144 spatium
1799 1087 2011 1143 usque
2071 1071 2157 1127 ad
2211 1077 2419 1127 totum
2467 1071 2768 1129 futurum
2816 1087 2932 1127 an-

690 1168 851 1212 num
906 1152 1065 1211 1865
1103 1158 1171 1209 et
1212 1166 1348 1209 non
1380 1151 1583 1222 ultra,
1616 1152 1657 1207 a
1686 1151 1901 1221 vobis,
1939 1149 2381 1209 venerabiles
2409 1149 2706 1223 Fratres,
2751 1151 2934 1207 aliis-

694 1248 824 1305 que
858 1231 1187 1307 legitimis
1219 1231 1519 1289 locorum
1548 1228 1925 1289 ordinariis
1957 1231 2411 1301 statuendum,
2461 1231 2692 1287 eodem
2744 1245 2932 1303 pror-

693 1313 807 1370 s'us
842 1312 1036 1370 modo
1070 1317 1137 1370 et
1167 1311 1405 1384 forma,
1443 1326 1577 1384 qua
1603 1310 1689 1368 ab
1721 1311 1909 1367 initio
1943 1311 2235 1383 supremi
2293 1311 2515 1367 Nostri
2576 1311 2932 1367 Pontifica-

694 1401 802 1451 tus
833 1392 1286 1451 concessimus
1316 1407 1435 1465 per
1465 1391 1887 1464 Apostolicas
1911 1391 2187 1447 Nostrae
2245 1391 2536 1447 Litteras
2590 1393 2658 1447 in
2712 1391 2932 1447 forma

692 1472 951 1544 Brevis,
988 1473 1096 1530 die
1128 1472 1207 1529 20
1234 1472 1481 1530 mensis
1510 1473 1893 1530 novembris
1927 1487 2101 1529 anno
2135 1473 2289 1527 1846
2321 1471 2534 1541 datas,
2572 1481 2638 1527 et
2662 1473 2748 1527 ad
2786 1473 2930 1529 uni-

600 1596 604 1601 .
689 1568 962 1611 versum
992 1552 1444 1627 episcopalem
1474 1559 1775 1609 vestrum
1809 1553 2109 1609 ordinem
2143 1553 2401 1623 missas,
2469 1567 2752 1625 quarum
2808 1553 2930 1609 ini-

693 1632 862 1691 tium
889 1626 1147 1691 Arcano
1177 1632 1466 1690 Divinae
1496 1633 1965 1690 onvidentiae
2003 1633 2291 1707 consuit),
2329 1641 2395 1689 et
2429 1649 2580 1689 cum
2622 1631 2932 1689 omnibus

694 1713 950 1771 eisdem
1009 1712 1473 1783 facultatibus,
1509 1728 1683 1785 quae
1727 1729 1845 1785 per
1875 1713 2055 1785 ipsas
2081 1711 2371 1771 Litteras
2403 1715 2441 1769 a
2485 1713 2680 1769 nobis
2730 1713 2930 1769 datae

692 1793 987 1852 fuerunt.
1018 1792 1338 1852 Volumus
1371 1800 1616 1865 tamen,
1672 1799 1745 1850 ut
1793 1809 1871 1849 ea
1923 1793 2145 1851 omnia
2203 1801 2580 1865 serventur,
2636 1809 2808 1865 quae
2858 1793 2932 1849 in

695 1873 1235 1932 commemoratis
1266 1872 1540 1931 Litteris
1565 1873 1987 1947 praescripta
2021 1881 2193 1947 sunt,
2223 1881 2289 1929 et
2339 1891 2418 1931 ea
2471 1873 2928 1945 excipiantur,

695 1969 868 2026 quae
901 1960 1191 2027 excepta
1215 1968 1361 2011 esse
1393 1953 1907 2013 declaravimus
1933 1953 2153 2027 Atque
2213 1955 2283 2009 id
2313 1955 2766 2025 concedimuS,
2796 1969 2932 2011 non

694 2034 1123 2092 obstantibus
1155 2034 1226 2092 in
1256 2034 1670 2091 contrarium
1697 2035 2103 2091 facientibus
2137 2035 2696 2107 quibuscumque,
2726 2035 2931 2091 etiam

694 2114 976 2187 speciali
1002 2122 1068 2171 et
1099 2113 1451 2172 individua
1500 2114 1859 2186 mentione,
1917 2131 1997 2171 ac
2051 2115 2487 2187 derogat-ione
2548 2115 2794 2189 dignis,
2842 2113 2932 2173 Ut

693 2199 922 2252 autem
959 2195 1171 2251 omnis
1194 2194 1525 2252 dubitatio
1558 2202 1624 2252 et
1669 2194 2033 2251 difficultas
2077 2201 2491 2267 amoveatur,
2542 2195 2930 2251 earumdem

693 2272 1107 2332 Litterarum
1141 2275 1488 2348 exemplar
1520 2275 1608 2331 ad
1636 2273 1769 2333 Vos
1797 2276 2085 2347 perferri
2103 2277 2445 2347 jussimus

859 2354 1251 2428 “RogemuS‚
1289 2353 1733 2412 Venerabiles
1764 2355 2059 2427 FratreS,
2097 2357 2179 2413 de
2211 2357 2443 2413 intimo
2477 2357 2680 2413 corde
2721 2363 2786 2411 et
2844 2355 2930 2413 de

694 2440 835 2493 tota
875 2440 1099 2493 mente
1125 2434 1655 2494 misericordiam
1678 2434 1825 2507 Dei,
1855 2437 2011 2509 quia
2045 2443 2111 2493 et
2165 2437 2307 2509 ipse
2353 2437 2616 2493 addidit
2668 2437 2926 2493 dicens:

695 2515 1227 2575 misericordiam
1258 2524 1483 2574 autem
1506 2532 1721 2574 meam
1745 2533 1877 2574 non
1911 2518 2295 2590 dispergam
2327 2519 2409 2574 ab
2455 2519 2572 2576 eis.
2616 2517 2930 2574 Petamus

694 2602 762 2654 et
787 2597 1222 2670 accipiemus,
1257 2604 1323 2655 et
1350 2597 1406 2654 si
1434 2596 1817 2671 accipiendi
1842 2614 2027 2654 mora
2061 2606 2125 2654 et
2159 2598 2442 2656 tarditas
2495 2600 2722 2670 fuerit,
2770 2614 2930 2670 quo-

695 2676 879 2735 niam
909 2678 1214 2751 graviter
1244 2677 1674 2752 offendimuS‚
1698 2680 2057 2751 pulsemUS,
2095 2680 2253 2750 quia
2305 2688 2371 2736 et
2427 2680 2722 2752 pulsanti
2774 2694 2930 2750 ape-

693 2756 926 2830 rietur,
965 2758 1022 2815 si
1052 2758 1247 2816 modo
1278 2758 1545 2832 pulsent
1575 2757 1817 2816 ostium
1841 2774 2099 2830 preces,
2139 2760 2429 2832 genitus,
2465 2768 2534 2816 et
2582 2760 2930 2832 lacrymae

692 2843 987 2910 nostrae,
1024 2838 1268 2910 quibus
1301 2837 1613 2897 insistere
1644 2845 1712 2895 et
1737 2838 2079 2896 immorari
2105 2848 2389 2912 oportet,
2421 2846 2489 2896 et
2522 2840 2576 2894 si
2630 2840 2714 2897 sit
2766 2856 2930 2896 una-

692 2917 891 2976 nimis
914 2918 1127 2976 oratio
1137 2961 1256 2976 .....
1284 2918 1747 2992 unusquisque
1773 2926 1915 2976 oret
1937 2918 2173 2990 Deum,
2209 2936 2343 2976 non
2369 2936 2485 2992 pro
2515 2936 2586 2976 se
2640 2928 2922 2992 tantum,

694 2998 814 3055 sed
858 3013 977 3071 pro
1028 3000 1337 3058 omnibus
1405 2999 1751 3070 fratribuS‚
1791 2998 1963 3056 sicut
2013 3000 2333 3056 Dominus
2393 3016 2590 3056 orare
2640 3016 2758 3058 nos
2814 3000 2922 3056 do-

692 3078 886 3137 cuit.“
924 3076 1016 3156 (1)
1054 3077 1196 3152 Quo
1226 3095 1389 3138 vero
1420 3079 1690 3137 facilius
1719 3078 1899 3136 Deus
1931 3080 2213 3152 NostriS,
2243 3080 2660 3154 Vestrisque‚
2698 3088 2762 3138 et
2794 3096 2931 3138 om-

689 3157 876 3216 nium
903 3159 1202 3218 fidelium
1232 3159 1570 3234 precibuS,
1603 3160 1915 3232 votisque
1949 3166 2223 3230 annuat,
2261 3178 2412 3218 cum
2439 3164 2620 3218 omni
2676 3160 2930 3218 fiducia

693 3237 1230 3313 deprecatricem
1283 3239 1463 3314 apud
1493 3240 1661 3297 Eum
1691 3240 2131 3298 adhibeamus
2177 3240 2688 3298 Immaculatam
2720 3240 2928 3298 Sanc-

691 3317 1533 3393 tissimamqueDeiparam
1553 3319 1903 3394 Virginem
1927 3320 2229 3394 Mariam,
2267 3336 2439 3394 quae
2465 3332 2744 3380 cunetas
2770 3322 2928 3378 hae-

688 3413 878 3456 reses
899 3398 1240 3458 interemit
1262 3400 1330 3457 in
1353 3399 1671 3458 universo
1697 3402 1965 3474 mundO,
1989 3418 2295 3474 quaeque
2317 3402 2610 3460 omnium
2624 3412 2932 3460 nostrum

690 3479 1152 3537 amantissima
1182 3479 1395 3538 Mater
1429 3486 1605 3538 “tota
1638 3482 1865 3540 suavis
1915 3490 2159 3540 est......
2191 3498 2271 3540 ac
2305 3484 2505 3554 plena
2552 3482 2928 3540 misericor-

692 3557 844 3616 diae
853 3599 971 3618 .....
1003 3560 1310 3618 omnibus
1342 3575 1488 3618 sese
1514 3562 1953 3634 exorabilem,
1995 3562 2301 3620 omnibus
2329 3564 2930 3620 clementissimam

688 3640 991 3712 praebet,
1028 3641 1324 3699 omnium
1346 3641 1787 3700 necessitates
1811 3644 2221 3716 amplissimo
2243 3644 2536 3716 quodam
2568 3644 2930 3700 miseratur

689 3718 983 3778 affectu“
1017 3718 1132 3798 (2),
1167 3727 1369 3794 atque
1405 3728 1634 3794 utpote
1664 3721 1925 3796 Regina
1951 3724 2227 3780 adstans
2253 3728 2291 3780 a
2315 3724 2576 3780 dextris
2606 3722 2926 3798 Unigeni-

689 3798 740 3855 ti
777 3798 933 3858 Filii
956 3801 1058 3858 sui
1087 3800 1353 3859 Domini
1379 3800 1604 3859 Nostri
1661 3801 1827 3861 Jesu
1885 3802 2129 3860 Christi
2181 3804 2249 3860 in
2301 3804 2552 3860 vestitu
2594 3804 2926 3862 deaurato

690 3878 1197 3939 circumamicta
1228 3881 1585 3954 varietate,
1614 3883 1779 3940 nihil
1815 3892 1915 3940 est
1947 3885 2125 3956 quod
2149 3886 2235 3940 ab
2263 3884 2355 3940 Eo
2393 3884 2754 3958 impetrare
2790 3900 2930 3942 non

688 3959 938 4038 valeat.
969 3959 1318 4036 Suffragia
1351 3977 1616 4036 quoque
1646 3972 1953 4036 petamus
1979 3964 2359 4022 Beatissimi
2389 3964 2594 4038 Petri,
2646 3966 2930 4038 Aposto-

976 4065 1111 4074 —-—-

829 4135 909 4205 (1)
986 4136 1047 4191 S.
1066 4137 1326 4206 cyprian.
1356 4139 1534 4207 Epist.
1555 4142 1643 4194 11.

827 4209 902 4272 (2)
976 4208 1029 4260 S.
1049 4209 1318 4264 Bemard.
1348 4210 1524 4267 Serm.
1550 4212 1623 4266 de
1639 4212 1940 4268 duodecim
1967 4216 2375 4282 praerogativis
2397 4216 2459 4272 B.
2487 4218 2566 4272 M.
2600 4216 2672 4274 V.
2706 4234 2780 4272 ex
2806 4234 2926 4274 ver-

688 4276 780 4332 bis
801 4280 1142 4348 Apocalyps.
