3332 5100
803 336 847 379 x

725 471 1024 545 ductus
1054 470 1277 544 hunc
1307 468 1685 543 laborem
1744 489 2210 567 aggressus
2250 490 2461 563 sum,
2525 468 2737 544 nihil
2793 492 2965 544 am·

727 612 945 710 plius
977 612 1351 709 praefari
1383 632 1591 708 opus
1627 617 1783 705 est,
1818 612 1982 686 nisi
2013 620 2371 707 tantum,
2413 613 2965 711 perspicuita-

726 756 838 829 tis
894 753 1209 851 gratia,
1288 752 1668 827 ordinem
1736 755 2271 829 tractationis
2332 758 2624 854 paucis
2682 755 2964 833 verbis

723 900 1100 974 innuere.
1147 895 1651 1001 Hujusmodi
1711 900 2255 996 praeparatio
2314 900 2424 975 ad
2480 901 2966 976 universum

725 1042 780 1119 J
785 1063 881 1117 us
915 1037 1435 1116 Canonicum
1467 1039 1846 1137 practice
1890 1047 1974 1115 et
2011 1041 2437 1118 fructuose
2470 1044 2964 1141 dignoscen-

726 1187 958 1279 dum,
997 1205 1252 1281 quam
1291 1182 1560 1259 veluti
1592 1185 2235 1282 praeambulum
2257 1186 2516 1261 totius
2546 1184 2967 1263 Scientiae

726 1328 1161 1406 Juridicae
1204 1322 2202 1403 INTRODUOTIONEM
2250 1350 2739 1428 nuncupare
2794 1348 2963 1405 ma-

724 1474 875 1569 lui,
911 1472 998 1547 in
1037 1471 1205 1545 tria
1237 1490 1554 1567 magna
1585 1467 1891 1568 Capita
1925 1472 2321 1569 partitur:

940 1614 1309 1689 Primum
1341 1611 1887 1689 NOTIONES
1923 1614 1976 1690 J
1984 1616 2183 1709 uriS,
2230 1616 2411 1691 sive
2482 1608 2959 1711 GeneraliS,

727 1759 908 1833 sive
948 1746 1564 1851 Ecclesiastici,
1603 1756 1783 1832 sive
1822 1750 2233 1852 Praetici,
2271 1760 2450 1836 sive
2483 1751 2959 1863 Applicati,

726 1908 874 1977 aut
941 1882 1508 2002 Interpretati
1570 1901 1994 1978 distinctis
2076 1904 2457 1979 articulis
2551 1904 2969 2002 complec-

725 2052 981 2121 tetur.
2958 2006 2971 2020 ι

940 2183 1319 2261 Alterum
1355 2183 1780 2261 FONTES
1823 2208 2109 2261 omnes
2163 2187 2220 2264 ‚J
2224 2187 2395 2261 uris
2437 2186 2966 2263 Ecclesiasti-

728 2332 832 2427 ci,
878 2339 1056 2406 tum
1101 2318 1587 2421 Gener-alae,
1634 2336 1814 2404 tum
1844 2322 2460 2423 ParticulareS,
2527 2338 2706 2405 tum
2762 2322 2970 2406 His-

713 2468 1087 2580 panicas
1122 2474 1521 2571 inquiret.
2653 2481 2660 2486 ·

942 2617 1320 2694 Tertium
1352 2618 1715 2716 denique
1755 2625 2103 2695 cunctas
2139 2614 2965 2696 COLLECTIONES

725 2765 958 2842 Juris
996 2762 1598 2857 Ecclesiastici‚
1646 2770 1823 2838 tam
1890 2754 2278 2868 Antiqui,
2338 2755 2572 2841 Novi
2633 2770 2718 2838 et
2792 2754 2966 2839 No-

727 2902 1090 3005 vissimi,
1137 2931 1394 3008 quam
1431 2901 1726 2985 Patr-ii
1762 2918 2158 3007 exponet.

944 3053 1568 3154 Perpendendis
1609 3060 1866 3151 atque
1924 3051 2488 3127 dilucidandis
2548 3049 2966 3146 quaestio-

728 3185 975 3277 nibus
1014 3200 1356 3296 criticis,
1406 3221 1621 3296 quae
1661 3198 1751 3271 in
1789 3204 2033 3271 tanta
2071 3215 2350 3270 rerum
2410 3192 2659 3286 silva,
2707 3213 2966 3288 quan-

729 3354 906 3420 tam
940 3345 1341 3420 exhibent
1400 3333 1861 3416 summaria
1920 3335 2516 3429 Articulorum,
2564 3355 2967 3432 saepenu-

732 3509 961 3563 mero
1027 3493 1446 3577 ocurrent,
1548 3482 2005 3581 specialem
2108 3501 2398 3556 curam
2484 3480 2970 3578 impendere

730 3631 962 3705 nisus
1000 3649 1210 3722 sum,
1259 3648 1356 3703 eo
1398 3625 1773 3718 consiliu,
1821 3632 1943 3720 ut,
2011 3626 2397 3701 omnibus
2456 3623 2970 3722 disputatio-

730 3778 976 3853 nibus
1036 3772 1377 3873 proprio
1434 3771 1618 3848 loco
1687 3771 2080 3847 claritate
2153 3791 2253 3846 ac
2320 3769 2716 3844 methodo
2787 3788 2967 3864 per·

730 3919 1149 4011 tractatiS,
1187 3924 1603 4016 quatenus
1644 3915 1938 4012 exigui
1980 3914 2144 3989 mei
2183 3912 2506 4011 ingenii
2564 3911 2793 3987 vires
2866 3909 2972 4007 si-

732 4069 970 4156 nunt,
1019 4079 1322 4157 corpus
1371 4057 1808 4132 doctrinae
1866 4056 2346 4166 absolutum
2415 4054 2833 4129 habeatur
2889 4057 2973 4125 et

735 4203 1347 4300 Prolegomena
1387 4199 2045 4298 completissima
2088 4199 2486 4274 evadant.
