3332 5100
1726 368 1801 379 —
1849 335 2084 393 194-

786 478 1195 544 defensioni
1229 481 1603 543 strenuam
1669 482 1743 542 et
1788 476 2156 542 assiduam
2191 496 2440 544 curam
2486 478 3016 562 impenderunt;

787 588 1015 652 minus
1047 591 1230 651 recte
1265 588 1570 668 propter
1603 585 1902 649 nimium
1935 585 2173 649 zelum
2227 585 2708 667 imperatores
2743 585 3023 650 mediae

785 693 1074 775 aetatis,
1112 693 1216 756 uti
1245 692 1290 756 J
1296 692 1729 774 ustinianus,
1762 689 2069 757 Carolus
2092 693 2423 775 Magnus,
2452 692 2935 775 Ildephonsus
2958 692 3025 756 X

786 800 1039 883 aliiqui
1073 817 1222 864 non
1254 799 1489 882 pauci,
1528 800 1651 883 qui
1686 799 1762 863 in
1794 799 2012 864 rebus
2040 799 2590 880 ecclesiasticis,
2620 799 2783 881 plus
2810 817 3023 882 quam

785 923 921 990 par
954 907 1138 986 erat,
1167 921 1329 968 sese
1354 903 1925 985 immiscuerunt;
1956 905 2206 970 illicite
2234 922 2412 968 vero
2439 904 2923 987 imperatores
2958 908 3027 969 et

785 1029 998 1094 reges
1023 1011 1452 1076 recentioris
1478 1009 1770 1093 aetatis,
1807 1012 2010 1076 velut
2041 1010 2085 1075 J
2090 1029 2366 1076 oannes
2397 1010 2470 1076 ΙΙ
2499 994 3022 1095 Portugalliae,

786 1119 1202 1186 Ludovicus
1236 1119 1407 1184 XIV
1444 1116 1758 1201 Galliae,
1799 1117 2104 1184 Carolus
2168 1118 2278 1183 III
2334 1118 2760 1202 Hispaniae,
2828 1119 2872 1184 J
2878 1137 3028 1184 ose-

787 1227 974 1311 phus
998 1227 1069 1292 II
1101 1226 1464 1306 Austriae,
1501 1225 1915 1308 Leopoldus
1948 1226 2096 1291 dux
2126 1226 2466 1291 Etruriae
2524 1230 2598 1292 et
2656 1228 3029 1311 quamplu-

787 1352 909 1400 res
945 1334 1072 1399 alii
1100 1334 1502 1416 Principes,
1524 1333 1647 1417 qui
1688 1334 2033 1398 ementito
2067 1333 2543 1416 protectionis
2578 1335 2871 1399 nomine
2929 1339 3033 1417 ty-

790 1440 1141 1505 rannicae
1157 1445 1229 1504 et
1252 1441 1568 1522 injustae
1585 1439 2324 1523 oppressioniOhristi
2343 1440 2749 1507 Ecclesiam
2767 1443 3035 1506 nostris

792 1547 1043 1613 diebus
1095 1549 1459 1630 subjicere
1494 1548 1654 1612 ausi
1686 1552 1878 1631 sunt,
1917 1549 2073 1630 ejus
2100 1549 2513 1613 libertatem
2549 1548 2933 1632 laedendo,
2970 1554 3038 1613 et

792 1657 1036 1721 omnia
1062 1657 1249 1739 pene
1278 1657 1448 1739 jura
1481 1660 1703 1738 atque
1736 1674 2150 1738 supremam
2184 1661 2622 1740 potestatem
2642 1658 2779 1722 sibi
2803 1657 3035 1723 vindi-

792 1765 1025 1829 cando
1062 1765 1137 1828 in
1169 1765 1282 1844 iis,
1322 1781 1509 1847 quae
1541 1763 1634 1828 ad
1670 1770 2050 1829 externam
2098 1766 2427 1848 politiam
2462 1773 2534 1832 et
2565 1785 2684 1832 res
2719 1766 3036 1850 discipli-

791 1888 1008 1935 nares
1044 1871 1434 1953 pertinent.

973 1977 1126 2043 172.
1223 1976 1328 2042 2.⁰
1363 1977 1670 2061 Insuper
1703 1981 2009 2061 possunt
2035 1977 2412 2062 Principes
2476 1980 2902 2044 saeculares
2958 1979 3039 2044 ti-

793 2086 944 2150 tulo
977 2086 1250 2171 gratiae
1286 2102 1416 2150 seu
1454 2087 1911 2152 concessionis
1951 2086 2153 2168 leges
2186 2086 2381 2151 ferre
2436 2087 2513 2151 in
2558 2087 2873 2152 materia
2931 2105 3040 2151 ec·

795 2193 1236 2275 clesiastica,
1271 2192 1559 2276 quando
1580 2194 1746 2275 jure
1777 2197 2213 2276 patronatus
2241 2194 2333 2258 ab
2366 2194 2700 2258 Ecclesia
2742 2211 3039 2259 conces-

796 2317 876 2365 so
913 2305 1038 2364 aut
1069 2302 1446 2384 recognito
1480 2303 1604 2368 vel
1630 2303 1959 2385 quolibet
2022 2304 2166 2368 alio
2205 2304 2609 2386 apostolico
2645 2304 3039 2386 privilegio

793 2408 1079 2491 muniti,
1109 2426 1499 2492 personam
1530 2409 1901 2475 Pontificis
1936 2418 2199 2492 gerunt
2233 2417 2306 2476 et
2334 2411 2688 2476 facultate
2746 2411 3039 2494 delega-

795 2520 872 2582 ta
903 2519 1150 2600 agunt:
1188 2517 1294 2581 ita
1323 2516 1397 2581 in
1423 2516 1782 2599 Hispania
1809 2517 2117 2602 aliisque
2151 2520 2398 2602 regnis
2449 2537 2578 2584 seu
2646 2518 3042 2584 ditionibus

793 2624 1029 2707 Reges
1054 2625 1180 2691 vel
1203 2625 1586 2690 Praesides
1609 2625 1688 2691 vi
1713 2626 1897 2708 regii
1922 2630 2354 2708 patronatus
2376 2630 2503 2691 aut
2522 2626 2809 2709 gratiae
2830 2644 3042 2709 apos-

797 2731 1064 2797 tolicae
1090 2732 1256 2813 jure
1288 2732 1610 2815 gaudent
1635 2732 2059 2797 nominandi
2094 2733 2188 2797 ad
2221 2733 2724 2797 ecclesiastica
2774 2733 3043 2797 benefi-

796 2840 912 2904 cia
946 2819 1253 2923 aliisque
1287 2839 1616 2922 pluribus
1644 2840 2139 2922 prerogativis
2198 2841 2375 2924 ipsis
2436 2859 2479 2904 a
2530 2838 2799 2905 Sancta
2858 2838 3045 2905 Sede

800 2948 1155 3029 generose
1183 2946 1574 3011 concessis.

975 3054 1082 3119 3.⁰
1174 3053 1508 3136 Denique
1540 3053 1904 3118 interdum
1937 3053 2171 3136 Reges
2206 3058 2279 3118 et
2340 3052 2672 3137 Supremi
2734 3053 3045 3119 societa-

797 3162 890 3227 tis
925 3161 1162 3226 civilis
1187 3160 1663 3243 Magistratus
1691 3161 1900 3225 titulo
1921 3162 2327 3228 concordiae
2356 3162 2557 3244 leges
2598 3161 2844 3244 edunt,
2880 3180 3045 3229 cum

801 3267 1098 3332 decreta
1126 3287 1170 3332 a
1197 3266 1586 3333 Guberniis
1618 3269 2120 3360 saecularibus
2156 3269 2245 3333 de
2273 3258 2495 3333 'rebus
2529 3268 2624 3332 ad
2661 3268 3044 3337 Ecclesiae

799 3374 1126 3457 regimen
1160 3380 1231 3440 et
1255 3376 2494 3459 administrationem.spectantibus
2527 3376 2862 3441 feruntur
2901 3378 3043 3442 col-

800 3481 968 3547 latis
996 3482 1316 3548 consiliis
1353 3501 1517 3548 cum
1550 3482 1612 3548 N
1619 3483 1837 3547 untiis
1871 3482 2338 3566 Apostolicis‚
2371 3488 2496 3547 aut
2530 3484 2836 3565 praevio
2875 3502 3042 3549 con-

799 3606 1040 3671 sensu,
1108 3590 1640 3673 approbatione
1694 3589 1816 3655 vel
1873 3589 2360 3654 Romanorum
2421 3590 2852 3655 Pontificum
2922 3608 3043 3656 an-

799 3698 1124 3781 nuentia,
1147 3699 1389 3782 prouti
1407 3699 1482 3763 in
1505 3698 1834 3763 omnibus
1862 3698 2244 3763 catholicis
2267 3698 2682 3763 nationibus
2710 3698 3042 3764 frecuen·

798 3804 1078 3870 tissime
1114 3806 1491 3889 contingit.

981 3912 1133 3977 173.
1231 3913 1328 3979 Ut
1355 3917 1593 3979 autem
1648 3914 1882 3977 totam
1947 3912 2137 3978 hanc
2201 3914 2291 3979 de
2353 3914 2637 3998 legibus
2703 3915 3045 3981 civilibus

805 4019 1381 4084 controversiam
1409 4021 1662 4103 paucis
1690 4020 1937 4086 verbis
1954 4020 2849 4106 absolvamuS,sequentes
2882 4022 3044 4087 ads·

797 4127 1100 4191 truimus
1134 4127 1451 4211 regulas,
1471 4145 1660 4210 quae
1695 4145 1981 4193 omnem
2015 4130 2519 4195 confusionem
2556 4136 2631 4195 et
2666 4130 2967 4196 dubium
3005 4147 3043 4194 e

802 4231 1038 4298 medio
1062 4232 1347 4297 tollunt:
