3332 5100
1736 341 1974 403 —240
2020 379 2092 389 —

795 489 1200 569 versiones;
1236 486 1365 553 sed
1390 487 1577 552 duae
1602 488 2048 571 praecipuae
2074 491 2146 553 'et
2183 486 2624 552 celebriores
2672 487 2746 552 in
2806 487 3029 552 mani-

794 596 929 661 bus
957 595 1271 660 omnium
1304 594 1819 675 versabantur,
1889 593 2125 658 altera
2189 611 2379 676 quae
2436 594 2866 677 Isidoriana,
2932 595 3029 659 al-

796 707 957 768 tera
988 719 1176 787 quae
1207 704 1457 767 Prisca
1490 701 1930 781 nominatum
1970 705 2276 783 utraque
2330 701 2486 764 fere
2550 700 2802 766 eodem
2858 704 3031 766 tem-

794 827 975 893 pore
1000 808 1291 892 prodiit,
1330 807 1664 890 quamvis
1691 807 1819 870 illa
1847 806 2137 872 videtur
2170 824 2331 871 esse
2355 807 2746 891 antiquior3
2776 809 3031 873 utrius-

772 936 937 1003 -que
962 921 1216 983 auctor
1248 933 1547 999 prorsus
1579 916 1872 998 ignotus
1904 919 2040 979 est:
2093 932 2263 979 nam
2294 915 2470 980 licet
2526 917 2762 998 prima
2812 917 3031 985 Isido-

792 1029 1005 1093 riana
1038 1025 1234 1090 dicta
1267 1025 1361 1088 sit
1393 1042 1480 1089 eo
1516 1023 1707 1107 quod
1741 1023 1862 1087 vel
1913 1023 2200 1088 cuidam
2230 1023 2574 1107 episcopo
2607 1024 2888 1089 Isidoro
2913 1025 3035 1090 vel

794 1134 867 1200 S.
895 1134 1175 1199 Isidoro
1209 1132 1628 1214 Hispalensi
1657 1132 1845 1195 falso
1883 1130 2422 1196 adscriberetur
2456 1135 2706 1214 utpote
2731 1149 2826 1196 ex
2881 1133 3034 1214 ejus

797 1240 1229 1307 collectione
1276 1239 1606 1321 vulgata3
1644 1242 1718 1302 et
1758 1239 2080 1305 secunda
2117 1241 2367 1305 Prisca
2433 1240 2810 1322 appellata
2846 1240 3031 1322 puri-

795 1351 947 1412 tate
982 1347 1312 1411 lectionis
1376 1351 1449 1410 et
1507 1347 1943 1429 antiquitate
2004 1347 2634 1429 interpretationis
2688 1348 2758 1410 S.
2812 1348 3037 1412 Leoni

796 1455 1127 1520 Pontifici
1158 1455 1430 1518 tributa
1484 1453 1728 1533 fuerit,
1796 1459 2106 1537 utraque
2162 1455 2525 1519 sententia
2582 1456 2786 1518 certe
2852 1474 3035 1518 com-

795 1563 1128 1629 mentitia
1153 1560 1552 1641 ‚iudicanda
1587 1565 1723 1643 est,
1777 1562 1950 1644 quia
1999 1579 2137 1626 nec
2169 1562 2576 1627 Isidoriana
2644 1564 2874 1627 aetati
2943 1568 3037 1626 at-

796 1687 936 1754 que
1000 1670 1191 1751 stylo
1258 1669 1644 1733 clarissimi
1707 1669 2048 1734 Doctoris
2102 1668 2560 1751 Hispalensis
2612 1672 3033 1754 respondet,

797 1795 932 1843 nec
967 1777 1242 1858 Prisca,
1283 1780 1628 1841 contextu
1689 1781 1761 1842 ot
1815 1794 2150 1842 sermone
2208 1775 2369 1841 rudi
2432 1780 2812 1860 spectatis,
2882 1798 3039 1844 cum

797 1883 1126 1950 oratione
1173 1884 1410 1947 soluta
1460 1888 1680 1966 atque
1715 1884 2105 1967 perpolita,
2177 1902 2367 1967 quae
2428 1883 2505 1948 in
2568 1886 2915 1968 operibus
2971 1884 3035 1950 S.

795 1992 1060 2057 Leonis
1087 1992 1343 2055 crebro
1378 1990 1787 2073 adhibetur,
1827 1992 2163 2074 componi
2203 1993 2424 2058 valet.

974 2099 1154 2163 Tam
1187 2098 1596 2163 Isidoriana
1629 2117 1847 2182 quam
1880 2100 2132 2165 Prisca
2159 2101 2401 2167 versio
2437 2118 2754 2166 canones
2784 2102 3039 2166 Nicae-

796 2226 956 2290 nos,
992 2207 1453 2290 Ancyranos,
1490 2206 2199 2292 Neocaesareenses,
2253 2207 2742 2292 GangrenseS,
2804 2210 3045 2274 Sardi·

796 2334 1074 2397 censeS‚
1117 2315 1632 2397 Antiochenos,
1672 2314 2150 2397 Laodicenos,
2192 2314 3043 2398 Constantinopolitanos

796 2431 871 2492 et
905 2423 1537 2491 Chalcedonenses
1572 2423 1924 2488 continet.
1981 2423 2221 2506 Initio,
2262 2430 2477 2507 prout
2511 2428 2764 2488 censet
2800 2424 3041 2490 Devo-

795 2536 877 2619 ti,
913 2535 1228 2600 fortasse
1283 2549 1429 2597 non
1483 2549 1732 2597 omnes
1784 2531 1916 2597 hos
1974 2549 2290 2599 canones
2352 2532 3041 2616 comprehendebat,

795 2642 927 2707 sed
960 2660 1192 2706 novas
1225 2640 1617 2705 recentiori
1654 2643 1899 2704 aetate
1935 2640 2245 2705 aliorum
2279 2656 2636 2705 canonum
2684 2642 3041 2704 accessio-

795 2767 926 2815 nes
962 2749 1272 2831 accepit.

975 2858 1429 2923 Auctoritate
1486 2853 1783 2937 publica
1835 2857 1909 2918 et
1942 2855 2019 2920 vi
2080 2854 2303 2937 legali
2359 2872 2728 2936 nunquam
2764 2856 3041 2936 potitae

796 2970 988 3049 sunt,
1027 2967 1370 3050 quoniam
1404 2963 1978 3028 ecclesiasticam
2016 2964 2467 3028 sanctionem
2514 2980 2658 3026 non
2718 2964 3039 3026 obtinue-

795 3078 989 3156 runt;
1028 3074 1196 3138 hinc
1228 3073 1663 3138 documenta
1696 3072 1925 3136 latine
1958 3071 2244 3136 reddita
2278 3073 2353 3137 in
2386 3071 2497 3136 his
2534 3072 3041 3136 vetustissimis

798 3180 1668 3245 collectionibus'tantum
1710 3178 1986 3244 valoris
2043 3178 2342 3261 habent,
2402 3182 2675 3262 quanta
2730 3178 3043 3245 auctori-

797 3290 953 3351 tate
987 3286 1392 3368 gauderent
1426 3303 1747 3351 canones
1782 3286 1858 3350 in
1885 3303 1965 3350 se
1994 3286 2311 3368 spectati
2340 3286 2460 3370 (l).

976 3394 1131 3459 210.
1199 3395 1378 3459 Tres
1412 3398 1581 3459 sunt
1613 3393 2055 3458 celebriores
2088 3392 2466 3458 Ecclesiae
2490 3392 2862 3457 Romanae
2901 3393 3041 3457 col-

798 3502 1176 3585 lectiones,
1245 3520 1432 3587 quae
1465 3502 1701 3584 prima
1735 3501 2033 3583 periodo
2071 3505 2177 3565 tot
2224 3500 2525 3565 latebris
2562 3501 2909 3565 obvoluto
2955 3501 3047 3565 ad

798 3627 931 3675 nos
960 3628 1187 3694 usque
1220 3612 1741 3693 pervenerunt,
1794 3608 2166 3673 videlicet:
2218 3608 2696 3691 Dionysiana,
2734 3607 3041 3673 Hadria·

797 3737 896 3783 na
929 3723 1152 3800 atque
1184 3716 1616 3782 Isidoriana.
1658 3714 1771 3779 De
1796 3715 1883 3779 iis
1910 3719 2188 3781 tantum
2214 3732 2618 3781 sermonem
2648 3715 3045 3797 specialem

927 3968 1014 4031 ’(1)
1086 3966 1296 4018 Versio
1321 3963 1521 4019 Prisca
1571 3965 1919 4020 Graecorum
1945 3978 2229 4018 canonum
2259 3980 2326 4017 ea
2364 3964 2510 4017 solet
2558 3963 2848 4031 appellari,
2876 3979 3043 4031 quam

799 4052 874 4089 ex
898 4040 1134 4103 antiquo
1173 4034 1303 4090 MS.
1353 4038 1546 4090 codice
1594 4039 1902 4101 vulgarunt
1950 4036 2235 4089 Henricus
2274 4033 2304 4086 J
2313 4035 2554 4089 ustellus
2598 4041 2656 4087 et
2704 4033 3043 4087 Guillelmus

801 4108 1039 4161 Voellus
1066 4106 1125 4160 in
1165 4105 1429 4161 Biblioth.
1455 4106 1585 4161 Jur.
1619 4106 1837 4161 Canon:
1865 4122 1991 4159 eam
2042 4107 2371 4174 diligentius
2414 4109 2760 4171 recognitam
2786 4112 2844 4159 et
2864 4123 3045 4159 emen-

804 4179 996 4303 dataflxf
1019 4182 1225 4232 iterum
1247 4180 1550 4234 ediderunt
1575 4180 1805 4233 Fratres
1832 4178 2102 4232 Ballerini
2129 4178 2191 4232 in
2215 4177 2511 4247 Appendic.
2542 4177 2618 4231 ad
2638 4193 2802 4247 opera
2826 4181 2886 4231 S.
2923 4175 3045 4231 Leo-

806 4250 894 4305 nis
985 4250 1131 4321 aqui,
1160 4253 1282 4304 tom.
1312 4254 1360 4305 3.
