3332 5100
1696 323 2012 381 -12—

731 470 932 535 civili
995 469 1393 534 antecellit.
1456 467 1914 532 Excellentia
1972 465 2192 549 igitur
2249 469 2470 550 atque
2524 465 2982 548 praestantia

723 577 908 659 juris
964 575 1445 642 ecclesiastici
1506 575 1932 640 necessario
1999 573 2302 638 eruitur:
2345 575 2448 639 1.Ο
2513 591 2606 638 ex
2669 572 2830 655 ipsa
2857 593 2986 656 po-

732 692 969 750 testate
998 685 1185 748 unde
1213 688 1483 765 manat,
1522 702 1649 747 seu
1685 701 1778 747 ex
1813 701 2037 748 causa
2075 683 2463 761 efficiente3
2489 699 2682 762 nam,
2721 683 2798 744 ut
2823 698 2988 745 ver-

731 791 841 856 bis
875 797 1037 855 utar
1096 790 1491 855 doctissimi
1548 790 1974 854 canonistae
2039 790 2161 873 (1),
2227 788 2594 854 “Summus
2651 788 2990 852 Pontifex

732 900 1085 981 majorem
1130 898 1350 962 habet
1390 897 1955 979 juridictionem,
2019 901 2092 960 et
2141 885 2736 961 excellentiorem
2770 913 2990 978 quam

731 1007 889 1090 ipse
922 1005 1355 1086 Imperator.
1391 1004 1649 1086 Itaque
1687 1003 2002 1086 dignitas
2060 1001 2392 1086 Supremi
2472 1003 2842 1067 Pontificis
2879 1005 2993 1066 est

735 1113 957 1178 multo
986 1111 1254 1176 clarior
1290 1115 1363 1175 et
1397 1111 1827 1176 eminentior
1865 1110 2218 1192 dignitate
2256 1109 2755 1194 Imperatoris,
2797 1109 2993 1192 quod

738 1239 781 1284 a
815 1219 970 1284 Deo
1004 1237 1221 1300 super
1256 1235 1537 1282 omnem
1574 1219 1891 1282 animam
1929 1219 2364 1282 constitutus
2401 1221 2534 1300 est,
2572 1217 2762 1282 unde
2797 1216 2992 1281 idem

738 1327 959 1392 etiam
991 1325 1398 1408 Imperator
1432 1325 1499 1390 ei
1524 1326 1929 1407 subjicitur.
1961 1325 2056 1389 At
2085 1329 2396 1410 constat,
2429 1326 2620 1410 quod
2650 1327 2850 1408 leges
2878 1342 2992 1388 su-

739 1436 1105 1519 periorum
1133 1434 1497 1516 digniores
1525 1433 1670 1498 sint
1704 1434 1987 1515 legibus
2016 1434 2508 1520 inferiorutn„.
2548 1433 2654 1498 2.0
2689 1433 2800 1498 Ex
2829 1433 2990 1515 ipso

740 1544 1022 1629 objecto;
1040 1526 1439 1623 enimvero,
1466 1541 1569 1604 uti
1600 1541 1936 1622 apposite
1959 1541 2050 1604 ad
2081 1559 2231 1604 rem
2247 1541 2628 1606 aitBaldus
2649 1541 2770 1624 (2),
2796 1540 2991 1606 “tan-

740 1654 812 1714 to
849 1650 1158 1713 altiores.
1182 1651 1349 1712 sunt
1386 1646 1746 1729 Oenones,
1780 1651 2058 1734 quanto⁸
2089 1647 2288 1713 Coeli
2316 1652 2482 1714 sunt
2516 1649 2814 1713 altiores
2851 1651 2993 1714 ter·

739 1773 848 1837 ra,
880 1757 1050 1838 quia
1086 1758 1368 1820 tantum
1398 1754 1672 1818 distant
1697 1753 2029 1820 Oenones
2065 1775 2108 1819 a
2142 1757 2424 1838 legibus
2459 1755 2727 1838 mundi,
2768 1774 2994 1838 quan-

742 1868 893 1926 tum
940 1867 1370 1946 perpetuum
1407 1881 1450 1926 a
1486 1864 1967 1946 corruptibili,
2006 1868 2078 1928 et
2113 1883 2326 1929 sacra
2361 1883 2404 1928 a
2436 1864 2834 1948 profanis„
2887 1863 2996 1928 3.⁰

742 1969 855 2032 Ex
877 1969 1035 2051 ipso
1066 1971 1229 2055 fine,·
1260 1986 1454 2052 nam,
1487 1973 1566 2032 ut
1598 1970 2062 2052 praelaudati
2091 1971 2516 2035 canonistae
2547 1987 2995 2053 prosequun-

742 2082 883 2159 tur,
922 2077 1106 2140 haec
1140 2077 1280 2140 duo
1307 2077 1479 2158 Jura
1511 2095 1589 2140 se
1619 2077 1892 2141 habent
1927 2081 2003 2140 ut
2052 2077 2294 2142 anima
2350 2082 2423 2142 et
2481 2094 2769 2160 corpus,
2833 2093 2997 2140 cum

738 2184 857 2265 jus
892 2184 1109 2248 civile
1141 2184 1474 2248 intendat
1507 2184 1582 2248 in
1619 2201 1995 2248 commune
2029 2185 2320 2270 bonum,
2359 2185 2752 2250 secundum
2805 2182 2999 2266 quod

747 2291 1093 2354 convenit
1125 2289 1487 2354 humanae
1518 2291 1874 2373 societati3
1899 2291 2018 2373 jus
2047 2309 2225 2357 vero
2255 2293 2687 2357 canonicum
2714 2309 2860 2355 non
2887 2308 2998 2354 so-

747 2399 893 2462 lum
928 2397 1320 2462 secundum
1357 2397 1547 2480 quod
1581 2400 1928 2463 convenit
1961 2399 2322 2463 humanae
2375 2399 2711 2464 societati
2767 2397 2997 2462 civili-

746 2510 882 2589 ter,
921 2504 1049 2571 sed
1084 2505 1303 2569 etiam
1338 2505 1733 2570 secundum
1768 2506 1980 2571 finem
2015 2507 2088 2569 in
2138 2503 2386 2571 Deum‘
2419 2505 2887 2589 intendend0‚
2926 2507 3000 2569 et

750 2614 974 2678 aliam
1009 2613 1239 2678 vitam
1268 2613 1751 2695 expectando.

673 2716 676 2719 ’
930 2722 1035 2785 16.
1135 2720 1244 2785 Ex
1279 2723 1606 2786 omnibus
1644 2721 2205 2805 definitionibUS‚
2245 2740 2426 2805 quas
2478 2722 2566 2787 de
2613 2721 2656 2787 J
2665 2740 2789 2787 ure
2867 2721 2998 2787 Ca-

748 2831 1009 2893 nonico
1048 2831 1321 2911 passim
1356 2828 1549 2912 apud
1600 2834 1706 2893 tot
1753 2833 2194 2893 tractatores
2243 2830 2382 2894 hac
2429 2830 2517 2893 de
2565 2848 2646 2894 re
2696 2834 3000 2913 agentes

749 2936 1177 3019 reperimus»,
1219 2935 1425 2999 nobis
1462 2938 1986 3019 praeponenda
2035 2937 2350 3019 videtur,
2402 2938 2655 3019 utpote
2689 2937 3002 3019 simplex

752 3047 825 3107 et
858 3043 1446 3125 completissima,
1491 3062 1679 3125 quae
1713 3062 1756 3105 a
1796 3044 2198 3107 clarissimo
2229 3043 2600 3109 Cardinali
2647 3042 2892 3125 Soglia
2927 3042 3002 3107 in

752 3152 897 3216 suis
932 3151 1535 3215 Praenotionibus
1574 3151 1844 3214 tradita
1877 3155 2010 3233 est,
2051 3152 2256 3215 etita
2300 3170 2378 3215 se
2412 3151 2655 3215 habet:
2700 3148 3001 3234 Comple-

750 3260 870 3323 oeio
912 3258 1260 3323 Canonam
1294 3259 1435 3321 sive
1468 3258 1708 3341 leyam,
1739 3258 1962 3344 fidem,
2000 3279 2221 3323 mores
2256 3265 2318 3323 et
2351 3258 2796 3342 disciplinam
2853 3278 3001 3341 spe·

754 3366 1107 3447 etantiam,
1158 3386 1329 3449 quae
1386 3367 1469 3431 ab
1530 3367 1995 3431 ecclesiastica
2041 3373 2382 3451 potestate
2437 3366 2838 3430 christianis
2897 3364 3005 3429 vel

740 3477 1248 3561 praescriptae,
1288 3476 1393 3539 vel
1414 3478 1824 3560 propositae
1867 3483 2044 3540 sant.

934 3582 1305 3664 Ejusmodi
1341 3582 1836 3645 definitionem
1865 3582 2238 3663 explicare
2275 3582 2563 3663 oportet
2597 3579 2689 3643 ad
2725 3580 3007 3643 rectam

757 3710 1031 3775 eorum,
1100 3708 1285 3773 quae
1340 3690 1548 3754 nobis
1606 3690 2042 3773 exponenda
2109 3696 2344 3772 erunt,
2414 3688 3000 3770 intelligentiam.

756 3798 1039 3863 Dicitur
1075 3800 1385 3881 primum
1440 3796 1834 3883 Compleoeio
1868 3818 2206 3863 canonum
2238 3799 2379 3862 sive
2411 3799 2633 3883 Zeyum
2663 3797 2755 3859 ad
2790 3797 3004 3861 deno-

756 3908 1054 3971 tandum
1107 3929 1319 3992 penas
1377 3906 1837 3988 definitioniS,
1899 3906 2089 3987 quod
2139 3906 2428 3988 quidem
2470 3923 2846 3969 commune
2897 3908 3008 3968 est

760 4035 917 4081 cum
960 4018 1271 4079 caeteris
1326 4017 1638 4097 juribuS,
1695 4032 1864 4078 nam
1900 4034 2108 4079 omne
2137 4016 2280 4097 με,
2333 4016 2491 4081 sive
2545 4015 2788 4096 civile,
2847 4015 3008 4079 sive

902 4194 975 4259 (l)
1050 4194 1281 4246 Fortun.
1307 4191 1525 4245 Garoia:
1554 4189 1642 4245 De
1666 4190 1858 4245 ultimo
1883 4190 1989 4252 fine
2015 4191 2243 4259 utriusq.
2259 4188 2381 4259 jar.
2405 4207 2554 4245 niam.
2577 4192 2665 4247 72.

901 4269 982 4337 (2)
1058 4262 1181 4317 Lib.
1210 4261 1260 4332 I,
1287 4278 1427 4317 cons,
1455 4262 1585 4316 464.
