3332 5100
1271 391 1345 406 --
1391 354 1625 419 343-

352 508 763 578 servaretur,
793 508 995 578 atque
1019 518 1139 562 suo
1175 502 1614 564 fundamento
1645 503 1887 564 innixa
1916 504 2109 563 firma
2139 503 2467 564 adversus
2497 502 2598 563 in-

349 584 483 643 feri
515 590 747 659 portas
769 584 1195 643 consisteret.

512 665 599 723 At
628 680 790 723 vero
815 680 968 723 cum
995 664 1123 722 hac
1146 663 1295 739 ipsa
1328 670 1575 739 aetate,
1633 680 1769 739 qua
1819 663 2178 725 salutifera
2227 662 2602 739 Apostolici

351 745 649 805 muneris
680 744 991 803 efficacia
1020 746 1131 803 vel
1180 746 1475 805 maxime
1531 745 1926 819 requiritur,
1975 760 2110 804 non
2161 745 2363 819 pauci
2416 744 2602 803 inve-

348 826 648 898 niantur,
676 825 793 899 qui
820 824 1003 884 illius
1032 826 1423 884 auctoritati
1454 826 1863 901 obtrectant3
1903 825 2366 885 necessarium
2391 824 2598 884 omni-

352 922 439 965 no
496 922 642 964 esse
688 921 1063 978 censemus,
1124 907 1698 980 praerogativam,
1763 922 1965 979 quam
2022 905 2416 981 unigenitus
2474 905 2600 965 Dei

351 985 564 1045 Filius
592 1001 746 1045 cum
780 1001 1033 1045 summo
1064 986 1388 1060 pastorali
1418 986 1641 1047 officio
1669 988 2087 1061 conjungere
2117 986 2440 1062 dignatus
2469 992 2594 1060 est,

357 1067 745 1126 solemniter
763 1082 1091 1126 asserere.

514 1146 751 1221 Itaque
776 1146 931 1223 Nos,
955 1146 1304 1206 traditioni
1328 1150 1368 1204 a
1386 1146 1545 1204 fidei
1570 1144 1996 1206 Christianae
2019 1147 2299 1205 exordio
2326 1161 2602 1221 percep-

358 1233 465 1286 tae
506 1227 797 1285 fideliter
828 1228 1265 1299 inhaerendO,
1300 1227 1387 1285 ad
1432 1226 1557 1285 Dei
1605 1226 1980 1287 Salvatoris
2019 1228 2231 1285 nostri
2291 1227 2598 1301 gloriam,

356 1308 705 1383 religionis
758 1305 1145 1367 Catholicae
1197 1307 1686 1366 exaltationem
1735 1314 1802 1365 et
1841 1305 2372 1367 Christianorum
2401 1324 2603 1382 popu-

356 1389 572 1447 lorum
602 1388 910 1462 salutem,
944 1403 1138 1446 sacro
1172 1388 1593 1463 approbante
1625 1385 1945 1461 Concili0,
1982 1387 2301 1446 docemus
2334 1394 2402 1446 et
2432 1388 2603 1446 divi-

355 1469 537 1528 nitus
566 1469 942 1527 revelatum
988 1468 1235 1543 dogma
1284 1483 1431 1527 esse
1487 1467 1863 1527 definimus:
1926 1467 2302 1527 Romanum
2335 1467 2605 1528 Pontifi-

357 1565 526 1621 cem,
558 1564 709 1608 cum
733 1566 821 1607 ex
851 1546 1185 1607 Cathedra
1210 1549 1529 1623 loquitur,
1573 1548 1645 1606 id
1675 1555 1799 1619 est,
1836 1564 1990 1607 cum
2034 1548 2330 1608 omnium
2385 1547 2602 1608 Chris-

356 1630 693 1689 tianorum
721 1628 1020 1689 Pastoris
1051 1636 1117 1687 et
1146 1628 1455 1687 Doctoris
1485 1644 1760 1687 munere
1789 1628 2105 1705 fungens,
2144 1644 2262 1703 pro
2290 1645 2603 1703 suprema

358 1725 479 1769 sua
508 1709 895 1783 Apostolica
927 1709 1354 1782 auctoritate,
1401 1708 1782 1768 doctrinam
1836 1708 1920 1766 de
1969 1709 2102 1767 fide
2147 1710 2260 1767 vel
2301 1709 2602 1769 moribus

360 1790 445 1848 ab
504 1790 823 1849 universa
878 1789 1184 1849 Ecclesia
1241 1789 1604 1848 tenendam
1654 1790 1910 1862 definit,
1973 1805 2095 1862 per
2145 1789 2602 1849 assistentiam

359 1868 681 1943 divinam,
714 1870 843 1944 ipsi
893 1871 962 1929 in
1005 1871 1206 1928 beato
1258 1870 1456 1927 Petro
1508 1870 1928 1944 promissam,
1977 1884 2060 1928 ea
2109 1868 2602 1929 infallibilitate

357 1951 635 2024 pollere,
661 1966 794 2025 qua
816 1950 1086 2009 divinus
1116 1950 1521 2025 Redemptor
1556 1950 1934 2011 Ecclesiam
1969 1964 2160 2008 suam
2186 1948 2255 2007 in
2283 1951 2603 2010 definien-

360 2031 447 2089 da
478 2031 788 2089 doctrina
843 2031 927 2089 de
989 2032 1120 2089 fide
1178 2032 1288 2089 vel
1350 2030 1647 2089 moribus
1695 2030 2097 2089 instructam
2157 2045 2306 2089 esse
2362 2031 2600 2106 voluit3

360 2112 647 2185 ideoque
678 2111 1007 2185 ejusmodi
1035 2110 1319 2170 Romani
1348 2110 1694 2169 Pontificis
1721 2110 2147 2169 definitiones
2171 2126 2258 2169 ex
2281 2126 2451 2185 sese,
2467 2127 2602 2170 non

364 2198 588 2251 autem
612 2206 701 2251 ex
722 2207 1056 2250 consensu
1078 2191 1449 2264 Ecclesiae,
1484 2191 2018 2249 irreformabiles
2050 2207 2220 2251 esse.

522 2270 595 2331 Si
626 2272 775 2346 quis
832 2279 1058 2331 autem
1115 2272 1273 2331 huic
1325 2271 1611 2330 Nostrae
1671 2271 2049 2330 definitioni
2108 2271 2605 2347 contradicere,

364 2353 543 2427 quod
566 2352 747 2411 Deus
776 2358 1066 2426 avertat,
1100 2352 1651 2427 praesumpserit,
1679 2352 2038 2410 anathema
2065 2352 2173 2409 sit.

520 2512 767 2572 Datum
805 2511 1075 2585 Romae,
1118 2512 1188 2571 in
1218 2511 1493 2587 publica
1524 2510 1837 2571 Sessione
1890 2511 1960 2571 in
1991 2510 2324 2571 Vaticana
2371 2510 2606 2571 Basili-

364 2609 445 2652 ca
472 2594 861 2653 solemniter
897 2594 1242 2652 celebrata
1273 2608 1448 2650 anno
1495 2591 1993 2650 Incarnationis
2035 2591 2428 2650 Dominicae
2463 2592 2605 2651 mil-

363 2674 597 2814 lJeslimo
655 2674 1215 2750 octingentesimo
1273 2673 1793 2748 septuagesimO,
1857 2673 1966 2731 die
2036 2672 2324 2752 decima·
2362 2680 2605 2732 octava

414 2771 457 2814 u
485 2771 557 2813 ιι.

474 2893 479 2898 .
522 2834 963 2896 Pontificatus
991 2833 1206 2892 nostri
1228 2849 1403 2893 anno
1429 2832 1762 2907 vigesimo
1793 2832 2052 2906 quinto,

524 2994 627 3053 Ita
659 2997 1215 3073 est.=Josephus,
1248 2994 1619 3070 Episcopus
1650 2991 1716 3052 S.
1750 2993 2124 3068 Hippolyti,
2181 2992 2604 3055 Secretarius

367 3073 651 3135 Concilii
680 3074 1017 3136 Vaticani.

526 3237 625 3295 De
658 3236 975 3306 mandato
1033 3234 1193 3296 Smi.
1246 3236 1315 3294 in
1369 3233 1627 3295 Christo
1671 3233 1891 3293 Patris
1944 3239 2010 3292 et
2059 3234 2326 3294 Domini
2382 3234 2610 3294 Nostri

364 3315 633 3376 Domini
664 3317 895 3376 divina
940 3315 1379 3375 Providentia
1422 3315 1541 3374 PII
1593 3315 1720 3374 PP.
1754 3315 1873 3388 IX,
1909 3331 2082 3372 anno
2143 3319 2183 3373 a
2237 3315 2609 3374 Nativitate

365 3397 636 3456 Domini
663 3394 1155 3469 MDCCOLXX,
1189 3397 1432 3455 Indict.
1458 3396 1644 3469 XIII,
1674 3396 1784 3454 die
1813 3411 1975 3454 vero
1999 3395 2226 3454 XVIII
2256 3396 2300 3456 J
2303 3396 2422 3454 ulii
2443 3395 2612 3455 Pon-

366 3478 662 3536 tificatus
694 3478 997 3551 ejusdem
1027 3476 1186 3535 Smi.
1220 3476 1486 3535 Domini
1516 3477 1744 3536 Nostri
1790 3491 1965 3534 anno
2019 3475 2231 3548 XXV,
2290 3492 2612 3550 praesens

370 3555 767 3616 Constitutio
797 3557 1187 3631 Apostolica
1211 3557 1422 3616 affixa
1450 3563 1517 3614 et
1546 3556 1894 3631 publicata
1924 3555 2052 3614 fuit
2085 3557 2173 3614 ad
2202 3557 2441 3614 valvas
2489 3556 2610 3614 Ba-

370 3638 715 3698 silicarum
745 3636 809 3698 S.
838 3638 883 3698 J
887 3637 1123 3696 oannis
1151 3637 1221 3695 in
1250 3637 1607 3708 Laterano,
1656 3635 1992 3709 Principis
2023 3636 2518 3710 Apostolorum,
2546 3643 2613 3694 et

370 3716 437 3778 S.
470 3718 722 3776 Mariae
749 3718 1023 3792 Majoris
1057 3715 1519 3776 Cancellariae
1549 3716 2003 3792 Apostolicae‚
2039 3733 2120 3774 ac
2167 3715 2457 3790 Magnae
2490 3713 2612 3775 Ou-

368 3799 513 3856 riae
536 3799 1088 3872 Innocentianae‚
1124 3805 1325 3873 atque
1370 3798 1441 3857 in
1470 3797 1636 3858 Acie
1670 3795 1901 3871 Campi
1951 3794 2216 3868 Florae,
2265 3811 2385 3870 per
2433 3791 2622 3855 Aloi-'

371 3879 543 3939 sium
574 3879 882 3955 Serafini,
910 3879 1141 3954 Apost.
1171 3876 1800 3956 Curs.=Philippus
1837 3877 2098 3951 Ossani,
2125 3876 2390 3952 Magist.
2421 3874 2611 3936 Ours.

1282 4153 1708 4163 μ-ῳ-ῥ--η--ι

1283 4170 1707 4179 w

3015 4803 3188 4833 muna-..kmi-
