3332 5100
1340 384 1654 445 ...55-

371 529 639 612 ficium,
677 531 827 593 tum
862 528 1101 610 quoad
1137 528 1527 615 Lirem-qiam
1565 528 2077 595 Psalmodicam
2131 544 2262 592 seu
2301 527 2619 593 officium

372 636 723 701 divinum.

502 762 517 777 ·
553 742 807 825 Quoad
840 742 1237 825 Liturgiam
1273 741 1874 823 Eucharisticam,
1915 743 2158 824 plures
2189 743 2263 805 et
2289 741 2623 806 frecuen·

371 856 483 916 tes
518 851 952 915 mutationes
987 868 1117 934 pro
1145 856 1575 935 temporum,
1612 868 1857 916 rerum
1893 855 2112 933 atque
2147 849 2474 915 locorum
2503 849 2623 914 ad·

366 957 639 1039 ¹iunctis
672 956 1012 1021 invectae
1046 961 1213 1021 sunt
1243 958 1402 1022 sive
1432 958 1507 1021 in
1542 958 1979 1040 templorum
2008 955 2517 1021 aedificatione
2552 962 2625 1022 et

372 1063 929 1146 ichnographia;
966 1064 1125 1129 sive
1158 1064 1232 1128 in
1266 1069 1636 1129 structura
1669 1069 1744 1129 et
1778 1063 2406 1130 ornamentatione
2443 1063 2626 1129 alta·

376 1172 587 1252 rium;
625 1170 891 1236 sivein
925 1170 1381 1237 vestimentis
1444 1189 1578 1254 pro
1634 1172 1863 1237 sacris
1895 1169 2278 1253 faciendis3
2338 1170 2497 1237 sive
2554 1171 2630 1237 in

377 1278 687 1345 materia
737 1282 811 1343 et
863 1278 1099 1343 forma
1155 1278 1465 1343 calicum
1522 1282 1595 1343 et
1646 1278 2024 1363 pyxidum3
2063 1278 2223 1344 sive
2279 1278 2370 1343 in„
2414 1278 2626 1343 modo

378 1386 675 1451 Missam
709 1385 1152 1468 celebrandi,
1193 1403 1381 1468 quae
1415 1389 1711 1469 praeter
1745 1408 2109 1453 romanum
2149 1384 2628 1449 communiter

378 1497 754 1575 receptum
789 1497 1099 1575 quatuor
1147 1493 1562 1577 praecipuis
1617 1494 1878 1559 ritibus
1936 1494 2011 1557 in
2069 1490 2468 1559 Occidente
2509 1509 2631 1576 pe-

378 1604 592 1665 racta
624 1604 759 1683 est,
792 1600 1162 1681 videlicet,
1226 1602 1784 1684 minoto-arabico,
1853 1602 2060 1687 yallo,
2095 1602 2508 1687 aquilejensi
2565 1603 2638 1665 et

380 1709 851 1789 ambrosiano;
884 1708 1043 1771 sive
1076 1706 1385 1791 denique
1418 1708 1491 1772 in
1520 1709 2011 1790 praefatione,
2053 1725 2334 1773 canone
2370 1713 2444 1773 et
2478 1725 2633 1772 ora-

382 1816 726 1897 tionibuS,
770 1815 873 1879 uti
903 1815 1157 1879 videre
1191 1820 1302 1879 est
1348 1816 1423 1879 in
1480 1815 2092 1909 sacramentariis
2158 1813 2528 1880 Leoniano
2567 1818 2640 1879 et

384 1918 806 2003 Gelasiano,
846 1923 1063 2005 atque
1095 1922 1170 1986 in
1204 1922 1614 1987 Missalibus
1650 1942 1696 1989 a
1728 1923 1998 1989 Sancto
2051 1922 2407 2008 Gregorio
2441 1922 2638 2006 Mag-

380 2048 479 2095 no
518 2046 743 2112 usque
779 2028 874 2093 ad
908 2026 1353 2095 Clementem
1382 2029 1554 2095 VIII
1584 2029 1824 2097 editis.

366 2122 373 2127 ’
569 2134 827 2217 Quoad
887 2136 1293 2220 Liturgiam
1355 2137 1888 2205 Psalmodicam
1945 2158 2073 2206 seu
2129 2140 2536 2223 Horarium‚
2595 2155 2642 2202 a

384 2243 914 2325 Micrologoaad
948 2244 1131 2317 haec
1166 2262 1391 2327 usque
1426 2250 1758 2329 tempora
1793 2249 2250 2314 variationes
2313 2250 2388 2311 et
2420 2246 2642 2312 modi-

385 2353 769 2417 ficationes
801 2352 995 2418 haud
1059 2372 1342 2436 paucae
1401 2357 1774 2421 recenseri
1818 2360 2155 2440 possunt,
2217 2374 2363 2421 non
2411 2356 2644 2420 solum

386 2458 471 2523 in
502 2458 736 2523 forma
772 2463 845 2522 et
898 2463 1227 2541 tempore
1286 2462 1678 2527 canonicas
1735 2462 1954 2527 horas
2019 2462 2484 2545 decantandi,
2522 2478 2642 2527 ve-

387 2583 554 2630 rum
589 2565 806 2629 etiam
832 2566 909 2630 in
948 2583 1272 2648 numere,
1311 2567 1565 2632 ordine
1614 2573 1834 2653 atque
1889 2570 2362 2653 dispositione
2396 2567 2642 2632 lectio-

388 2691 566 2738 num
597 2677 669 2736 et
701 2690 1023 2756 precum,
1062 2691 1249 2756 quae
1281 2691 1376 2739 ex
1408 2675 1693 2740 Divinis
1719 2675 2039 2759 Litteris,
2083 2676 2368 2742 Sanctis
2417 2675 2644 2740 Patri-

389 2781 533 2844 bus
566 2787 638 2844 et
668 2780 991 2846 Historia
1022 2780 1543 2847 Ecclesiastica
1568 2790 1965 2868 excerptae
2001 2784 2490 2870 Compendium
2519 2787 2647 2848 aut

393 2887 869 2955 Summam-ium
902 2891 1309 2955 conflarunt
1339 2892 1469 2955 sub
1528 2893 1818 2958 nomine
1853 2894 2210 2960 Breviarii
2249 2893 2640 2975 cognitum.

395 2997 493 3062 Et
524 3016 700 3062 sane
725 2999 1017 3063 saeculo
1042 2998 1149 3064 XI
1180 2997 1250 3064 S.
1282 2997 1678 3082 Gregorius
1708 3001 1845 3067 VII
1873 3000 2378 3066 ecclesiastica
2406 2999 2649 3064 officia

396 3107 478 3170 in
512 3124 862 3172 summam
897 3106 1203 3188 redegit,
1244 3110 1571 3189 tempore
1605 3108 1985 3192 Micrologi
2042 3109 2338 3190 editam,
2376 3125 2470 3171 ex
2503 3124 2648 3190 quo

397 3213 588 3278 liber
613 3213 953 3278 horarum
980 3233 1023 3276 a
1051 3213 1336 3278 clericis
1366 3215 1674 3279 usitatus
1701 3216 1920 3281 Breve
1945 3216 2330 3281 Horam-ium
2363 3231 2490 3278 seu
2518 3231 2650 3297 per

401 3321 976 3386 contractionem
1010 3321 1453 3388 Breviarium
1484 3323 1742 3387 vocari
1774 3322 2042 3405 coepit3
2076 3322 2421 3403 deinceps
2457 3338 2648 3385 anno

404 3427 579 3493 1241
600 3429 803 3510 jussu
838 3426 1173 3511 Gregorii
1195 3427 1304 3493 IX
1337 3428 1790 3511 praedictum
1835 3429 2323 3514 Compendium
2348 3445 2650 3511 precum

402 3535 838 3601 reformavit
868 3536 948 3599 P.
984 3535 1345 3618 Haymon,
1383 3535 1712 3601 Minister
1747 3535 2130 3602 Generalis
2157 3536 2494 3600 Fratrum
2529 3533 2653 3598 Mi-

404 3661 691 3725 norum;
728 3648 983 3726 postea
1016 3641 1424 3710 cardinalis
1458 3644 1896 3708 Franciscus
1949 3644 2037 3708 de
2071 3641 2438 3724 Quifiones
2488 3641 2656 3706 Bre-

404 3751 747 3833 viarium,
785 3751 1044 3816 iterum
1074 3751 1489 3834 castigavit,
1528 3769 1716 3834 quae
1769 3749 2576 3834 quidememmendatio
2613 3767 2657 3814 a
2725 3750 2732 3758 '

410 3856 784 3923 Clemente
837 3857 975 3924 VII
1027 3864 1327 3942 recepta
1386 3865 1461 3922 et
1510 3859 1922 3941 approbata
1978 3857 2248 3922 Romae
2313 3857 2388 3922 in
2421 3857 2657 3922 lucem

411 3965 614 4030 edita
646 3970 758 4030 est
791 3984 983 4030 anno
1016 3966 1212 4047 153&
1250 3965 1379 4030 sed
1412 3983 1573 4030 cum
1602 3965 1918 4029 omnium
1945 3981 2320 4028 assensum
2357 3970 2430 4029 et
2456 3965 2657 4047 plau·

410 4091 571 4138 sum
606 4074 1018 4164 nullatenus
1051 4075 1502 4155 obtinuisset,
1540 4071 1848 4139 Sanctus
1881 4072 2221 4137 Pontifex
2248 4071 2415 4137 Pius
2443 4071 2505 4136 V
2539 4089 2660 4135 no-

412 4200 584 4248 vam
622 4188 695 4246 et
728 4187 1156 4248 accuratam
1186 4182 1716 4250 correctionem
1779 4198 2168 4264 aggressus
2206 4185 2342 4262 est,
2384 4197 2527 4262 qua
2561 4178 2661 4243 fe-

412 4290 1214 4372 liciterconsummata,
1251 4289 1519 4374 prodiit
1552 4288 1952 4354 novissima
1992 4286 2353 4352 Breviarii
2409 4285 2661 4352 Roma-
