3332 5100
1698 299 2014 357 ...44-

733 443 1045 509 dentalia
1072 443 1195 523 (1),
1231 463 1410 508 nova
1441 442 1563 507 vel
1597 450 1941 528 usurpata
1972 440 2383 525 nuncupari
2413 440 2720 523 possint,
2757 442 2980 523 prout

735 550 1255 629 ProtestanteS,
1307 548 1748 613 Febroniani
1805 566 1892 613 ac
1956 548 1999 613 J
2005 548 2421 613 ansenistae
2484 547 2974 630 blaterarunt,

736 656 1090 740 siquidem
1127 655 1367 719 omnia
1417 656 1610 737 jura,
1657 656 1816 721 sive
1853 658 2247 736 anteriora,
2308 655 2467 719 sive
2533 654 2977 739 posteriora,

736 780 1120 848 supremae
1154 765 1498 846 potestati
1533 764 1892 829 Primatus
1926 764 2273 828 divinitus
2303 764 2611 827 instituti
2638 781 2979 828 necessa-

737 871 844 935 rio
876 886 1069 934 nexu
1104 869 1591 951 vinculantur,
1633 877 1852 952 atque
1890 871 1981 933 ab
2015 870 2177 952 ipsa
2240 870 2661 934 immediate
2728 887 2982 951 proce·

739 977 939 1059 dunt,
977 977 1310 1059 ideoque,
1342 976 1556 1057 juxta
1589 977 2095 1042 Innocentium
2127 977 2236 1041 III
2271 977 2390 1061 (2),
2430 999 2566 1043 non
2631 985 2777 1042 tam
2825 999 2980 1043 con-

744 1085 1100 1150 stitutione
1122 1084 1456 1149 canonica
1482 1104 1689 1167 qnam
1713 1086 2145 1152 institutione
2172 1085 2414 1150 divina
2447 1084 2878 1165 innituntur,
2912 1087 2985 1149 et

739 1194 956 1273 prout
989 1189 1171 1254 scite
1206 1189 1726 1255 animadvertit
1781 1190 2298 1256 Thomassinus
2335 1190 2457 1273 (3),
2521 1192 2598 1255 in
2653 1191 2984 1275 Pontiftce

741 1304 883 1363 tota
916 1318 1184 1382 semper
1204 1297 1574 1381 plenitudo
1616 1300 1988 1382 potestatis
2041 1299 2319 1382 residet,
2383 1298 2511 1363 etsi
2573 1319 2709 1364 non
2772 1306 2985 1364 totam

740 1423 1009 1487 semper
1039 1408 1372 1469 emerceat.
1409 1400 1630 1485 Origo
1657 1403 2067 1484 hujusmodi
2098 1403 2499 1483 iniuriosae
2560 1402 2984 1467 denomina-

740 1510 959 1573 tionis
987 1514 1059 1573 et
1089 1526 1441 1574 erroneae
1474 1504 1961 1574 distinctionis
1996 1511 2088 1574 ab
2124 1527 2209 1573 eo
2246 1510 2563 1591 petenda
2611 1513 2744 1591 est,
2787 1509 2982 1591 quod

742 1616 946 1682 Sedis
971 1618 1439 1700 Apostolicae
1473 1617 1746 1681 inimici
1780 1617 2017 1699 ipsum
2043 1618 2163 1699 jus
2198 1635 2359 1681 cum
2412 1616 2770 1681 exercitio
2798 1614 2985 1697 jnris

743 1723 992 1790 dolose
1022 1723 1496 1805 confundant,
1534 1740 1679 1788 non
1714 1732 2222 1805 agnoscentes,
2260 1728 2339 1787 ut
2367 1723 2702 1807 apposite
2751 1722 2989 1805 inquit

743 1830 1027 1896 Natalis
1053 1830 1473 1895 Alexan-der
1509 1830 1631 1914 (4),
1669 1831 1870 1895 aliud
1902 1852 2046 1897 esse
2064 1834 2234 1918 jure
2267 1832 2501 1915 aliquo
2551 1850 2819 1915 semper
2850 1851 2990 1895 non

744 1942 868 2022 ati,
895 1940 1093 2005 aliud
1124 1942 1235 2019 jas
1267 1940 1446 2004 illud
1472 1960 1610 2004 non
1631 1939 1901 2004 habere:
1925 1941 1998 2003 in
2032 1961 2160 2024 quo
2194 1940 2332 2003 viri
2390 1939 2702 2021 alioquin
2728 1935 2988 2001 eruditi

744 2046 1158 2110 hallucinati
1191 2053 1372 2128 sunt,
1409 2047 1529 2128 qui
1560 2047 2022 2111 substantiam
2060 2048 2258 2133 juris
2292 2068 2335 2112 a
2356 2053 2696 2130 perpetuo
2753 2052 2817 2109 et
2849 2065 2991 2109 non

745 2154 1133 2235 interrupto
1167 2153 1317 2237 ejus
1343 2172 1473 2216 aaa
1506 2172 1642 2217 non
1676 2153 2135 2238 distinqaant.

923 2257 1035 2321 42.
1132 2256 1536 2339 Disciplina
1557 2279 1695 2343 per
1724 2279 1796 2323 se
1830 2259 2132 2345 doymati
2185 2258 2464 2323 adneoea
2526 2256 2991 2338 nuncupatur

750 2381 938 2447 quae
997 2365 1102 2429 ita
1132 2365 1539 2429 arctissimo
1608 2366 1903 2430 vinculo
1940 2382 2103 2430 cum
2165 2366 2599 2431 veritatibus
2664 2362 2831 2428 fidei
2896 2361 2991 2426 ab

747 2470 1082 2535 Ecclesia
1112 2472 1508 2555 propositis
1559 2473 1996 2558 devincitur,
2064 2476 2143 2537 ut
2208 2473 2573 2556 derogari,
2646 2470 2992 2555 abrogari

750 2578 873 2644 vel
900 2579 1268 2645 immutari
1323 2585 1668 2663 nequeat,
1740 2581 1912 2664 quin
1947 2581 2210 2663 dogma
2244 2581 2681 2646 catholicum
2713 2581 2990 2663 impug-

748 2690 962 2751 netur
1016 2693 1142 2751 aut
1211 2705 1440 2769 grave
1507 2688 2023 2752 detrimentum
2088 2688 2436 2770 patiatur3
2501 2689 2630 2771 sic,
2700 2690 2779 2752 ut
2836 2704 2992 2751 rem

751 2794 1104 2876 exemplis
1136 2794 1606 2876 illustremuS,
1670 2794 2056 2876 disciplina
2123 2795 2321 2859 circa
2388 2796 2659 2860 cultum
2726 2794 2992 2859 latriae

751 2899 1218 2966 sanctissimo
1281 2901 1787 2966 Eucharistiae
1870 2901 2342 2967 Sacramento
2431 2905 2826 2985 tributum,
2898 2901 2993 2966 ab

752 3009 1120 3091 Apostolis
1158 3009 1251 3073 ad
1284 3027 1418 3073 nos
1486 3026 1711 3090 usque
1774 3015 2049 3074 statuta
2110 3018 2330 3094 atque
2394 3012 2878 3094 praescripta,
2917 3013 2993 3075 et

752 3136 796 3183 a
829 3121 1037 3186 nobis
1072 3119 1163 3184 ad
1192 3119 1888 3183 consummationem
1922 3120 2382 3184 saeculorum
2437 3127 2791 3203 perpetuo
2842 3137 2992 3184 ser·

636 3263 644 3270 ·
751 3227 1022 3310 vanda,
1053 3228 1233 3292 nulli
1287 3230 1670 3294 mutationi
1706 3230 1827 3295 vel
1892 3229 2376 3312 derogationi,
2447 3227 2767 3292 obnoxia
2832 3243 2993 3290 esse

753 3336 1018 3417 potest,
1060 3334 1384 3418 alioquin
1448 3342 1702 3419 aperte
1734 3340 2130 3420 negaretur
2169 3340 2294 3401 aut
2327 3338 2401 3401 in
2459 3335 2752 3400 dubium
2784 3351 2994 3400 revo-

897 3535 972 3596 (1)
1044 3532 1351 3586 Distinctio
1375 3534 1521 3587 inter
1537 3535 1665 3602 jura
1693 3535 1975 3587 Primatus
2002 3531 2313 3586 essentialia
2338 3536 2398 3586 et
2419 3531 2724 3587 adventitia
2748 3547 2782 3585 a
2807 3547 2995 3585 recen-

753 3603 994 3657 tioribus
1017 3604 1305 3657 Ecclesiae
1329 3605 1612 3668 hostibus,
1639 3621 1997 3672 quocumque
2048 3606 2281 3657 nomine
2331 3613 2622 3667 vocentur,
2667 3605 2997 3669 excogitata

753 3679 843 3730 est
870 3679 941 3728 ad
967 3682 1306 3742 potestatem
1345 3676 1633 3730 Primatus
1678 3677 2125 3744 deprimendam.
2165 3675 2348 3730 Juxta
2373 3678 2571 3729 tritum
2618 3675 2995 3729 sectariorum

754 3748 1023 3815 loquendi
1067 3763 1406 3809 sermonem,
1434 3751 1560 3816 jura
1603 3748 1917 3802 essentialia
1943 3749 2205 3800 dicuntur
2251 3748 2365 3812 illa,
2416 3749 2624 3814 quibus
2668 3762 2897 3814 semper
2939 3751 2998 3800 et

754 3818 966 3885 ubique
1004 3819 1222 3872 Summi
1275 3819 1582 3873 Pontifices
1625 3823 1714 3874 usi
1766 3826 1917 3884 suut,
1969 3817 2272 3871 adventitia
2300 3834 2431 3872 vero
2480 3835 2584 3872 seu
2633 3817 2997 3872 accidentalia

755 3893 1130 3957 appellantur,
1157 3907 1302 3958 quae
1321 3908 1395 3944 ex
1420 3893 1593 3946 veteri
1619 3893 1906 3944 Ecclesiae
1925 3891 2228 3956 disciplina
2251 3891 2307 3942 in
2337 3891 2743 3943 confirmandis
2772 3891 3000 3957 Episco-

755 3965 863 4028 piS,
887 3968 946 4014 et
974 3964 1257 4030 plerisque
1283 3965 1469 4016 causis
1495 3963 1761 4016 finiendis
1787 3978 1904 4015 non
1927 3977 1960 4013 a
1986 3961 2253 4013 Romanis
2283 3961 2678 4026 Pontificibus,
2696 3963 2799 4015 sed
2825 3977 2859 4014 a
2885 3962 2999 4015 Me-

754 4034 1056 4100 tropolitis‚
1079 4040 1138 4086 et
1160 4036 1427 4087 conciliis
1453 4033 1898 4101 provincialibus
1926 4033 2356 4087 exercebantur.

899 4106 976 4172 (2)
1054 4103 1186 4172 Gap.
1213 4109 1365 4159 inter
1389 4107 1705 4173 corporalia
1730 4102 1801 4157 X.
1829 4104 1894 4157 de
1925 4102 2198 4157 Translat.
2228 4101 2547 4173 Episcopor.

899 4178 975 4244 (3)
1046 4177 1210 4232 Conf.
1237 4182 1405 4231 notas
1432 4179 1503 4230 ad
1536 4192 1682 4245 opus
1708 4174 1772 4229 de
1802 4176 1916 4230 Vet.
1943 4177 1996 4229 et
2020 4172 2158 4230 Nov.
2178 4173 2328 4230 Eccl.
2354 4175 2589 4245 Discipl.

899 4253 976 4318 (4)
1049 4246 1121 4302 In
1144 4246 1295 4303 Hist.
1323 4245 1543 4319 Eccles„
1571 4263 1708 4304 eaeo.
1738 4245 1780 4300 Ι
1788 4245 1846 4323 Y,
1872 4246 1999 4302 dies.
2025 4244 2157 4318 XX,
2171 4263 2333 4318 prop.
2360 4246 2405 4301 I
