3332 5100
1689 318 2049 377 -340-

751 464 1059 523 obtinere
1086 460 1562 538 principatum,
1597 467 1666 519 ct
1694 461 1869 520 hanc
1899 460 2180 519 Romani
2203 460 2549 521 Pontificis
2580 460 2996 535 jurisdictio-

747 544 854 605 nis
879 550 1307 619 potestatem,
1337 556 1512 615 quae
1550 556 1713 601 vere
1744 542 2148 616 episcopalis
2182 547 2303 614 est,
2323 541 2786 601 immediatam
2818 556 2992 601 esse:

749 640 916 700 erga
947 638 1150 698 quam
1178 622 1663 697 cujuscumque
1692 622 1863 681 ritus
1906 628 1973 679 et
2029 622 2384 694 dignitatis
2440 620 2753 681 Pastores
2788 628 2997 695 atque

749 705 1012 777 fideles,
1044 712 1182 762 tam
1213 718 1514 761 seorsum
1545 702 1798 777 singuli
1827 717 2029 776 quam
2073 702 2270 761 simul
2300 717 2555 775 omnes,
2585 702 2811 761 officio
2860 702 2990 761 hie-

749 786 1104 845 rarchicae
1135 782 1729 856 subordinationis,
1748 798 2089 856 veraeque
2113 783 2543 843 obedieutiae
2564 783 2997 857 obstringun-

754 873 886 937 tur,
919 881 1054 925 non
1083 865 1297 923 solum
1327 864 1400 922 in
1426 864 1655 936 rebus,
1692 878 1865 939 quae
1897 863 1983 921 ad
2013 863 2215 922 fldem
2244 869 2311 921 et
2350 878 2592 937 mores,
2632 863 2756 921 sed
2790 864 2999 922 etiam

750 947 822 1007 in
849 946 933 1005 iis
963 961 1139 1021 quae
1183 944 1272 1002 ad
1319 942 1752 1018 disciplinam
1782 951 1849 1002 et
1876 944 2183 1017 regimen
2222 943 2594 1017 Ecclesiae,
2628 959 2752 1018 per
2783 950 2998 1003 totum

752 1028 915 1087 orbe
960 1025 1279 1101 difussae,
1311 1023 1676 1099 pertinent3
1709 1025 1804 1082 ita
1833 1030 1909 1083 ut
1950 1024 2286 1083 custodita
2316 1040 2470 1083 cum
2498 1024 2799 1085 Romano
2830 1023 2999 1084 Pon-

750 1106 956 1180 tiflcc,
1017 1112 1155 1165 tam
1202 1104 1688 1164 communionis
1744 1120 1947 1179 quam
1996 1105 2301 1177 ejusdem
2346 1104 2505 1163 fidei
2553 1103 2998 1179 professionis

751 1188 1033 1259 unitate,
1068 1185 1377 1245 Ecclesia
1408 1182 1655 1244 Christi
1684 1185 1771 1243 sit
1792 1200 1966 1244 unus
2007 1200 2179 1257 grex
2210 1185 2334 1244 sub
2383 1200 2517 1244 uno
2548 1200 2807 1257 summo
2839 1184 2998 1243 Pas-

751 1276 920 1328 tore.
953 1266 1143 1327 Haec
1168 1271 1270 1323 est
1294 1265 1671 1325 catholicae
1701 1265 2013 1325 veritatis
2046 1265 2377 1339 doctrina,
2432 1270 2474 1323 a
2521 1280 2655 1340 qua
2687 1265 2990 1339 deviare,

751 1349 945 1417 salva
974 1347 1106 1405 fide
1129 1354 1334 1420 atque
1357 1347 1599 1418 salute,
1624 1360 1821 1405 nemo
1850 1352 2093 1420 potest.

913 1428 1206 1487 Tantum
1234 1433 1460 1485 autem
1489 1427 1704 1499 abest,
1742 1432 1816 1485 ut
1845 1426 2014 1485 haec
2045 1424 2298 1486 Summi
2326 1424 2673 1485 Pontificis
2696 1431 2998 1500 potestas

753 1508 1010 1569 officiat
1043 1506 1428 1566 ordinariae
1453 1522 1536 1565 ac
1568 1506 1996 1566 immediatae
2026 1506 2127 1564 illi
2152 1506 2557 1581 episcopalis
2582 1506 2998 1581 jurisdictio-

751 1590 858 1648 nis
887 1587 1228 1664 potestati,
1259 1603 1396 1661 qua
1443 1586 1780 1661 Episcopi,
1827 1588 1943 1661 qui
1988 1586 2189 1661 positi
2231 1590 2271 1643 a
2320 1584 2575 1661 Spiritu
2625 1585 2877 1645 Sancto
2928 1586 3001 1645 in

751 1669 1223 1744 Apostolorum
1252 1668 1471 1726 locum
1505 1672 1980 1727 successerunt
2011 1667 2127 1745 (l),
2162 1673 2483 1740 tanquam
2512 1666 2661 1725 veri
2682 1666 3000 1726 Pastores

752 1751 1135 1825 assignatos
1165 1748 1296 1807 sibi
1325 1764 1593 1824 greges,
1629 1748 1881 1822 singuli
1914 1748 2238 1823 singuloS,
2272 1754 2561 1821 pascunt
2603 1753 2671 1805 et
2722 1753 2995 1823 regunt,

751 1837 828 1891 ut
860 1831 1096 1889 eadem
1125 1834 1166 1887 a
1194 1844 1503 1903 supremo
1535 1833 1601 1886 et
1638 1829 2011 1887 universali
2056 1827 2337 1887 Pastore
2386 1834 2753 1901 asseratur,
2804 1829 2999 1886 robo-

751 1918 942 1971 retur
966 1925 1051 1969 ac
1081 1910 1492 1981 vindicetur,
1527 1909 1796 1967 dicente
1829 1907 2075 1967 Sancto
2120 1906 2449 1981 Gregorio
2500 1907 2769 1983 Magno:
2812 1908 3001 1967 Meus

752 1993 964 2050 honor
997 1996 1098 2049 est
1124 1990 1334 2047 honor
1363 1990 1772 2049 universalis
1800 1988 2171 2047 Ecclesiae:
2224 1988 2410 2047 Meus
2460 1990 2672 2047 honor
2704 1996 2807 2047 est
2864 1990 3000 2047 fra-

755 2078 933 2131 trum
965 2085 1265 2129 meorum
1299 2070 1550 2128 solidus
1580 2070 1800 2144 vigor.
1836 2069 2007 2128 Tum
2056 2084 2185 2143 ego
2216 2084 2379 2127 vere
2426 2070 2796 2127 honoratus
2826 2085 2997 2143 sum,

755 2168 909 2212 cum
939 2150 1224 2227 singulis
1255 2150 1634 2223 quibusque
1666 2150 1878 2207 honor
1900 2150 2169 2208 debitus
2198 2165 2331 2208 non
2360 2157 2651 2224 negatur
2675 2149 2793 2229 (2).

913 2230 1120 2289 Porro
1150 2246 1239 2288 ex
1268 2246 1582 2303 suprema
1610 2230 1729 2288 illa
1780 2229 2064 2289 Romani
2104 2229 2450 2289 Pontificis
2493 2236 2829 2304 potestate
2882 2246 3004 2305 gu-

753 2311 1091 2385 bernandi
1119 2311 1508 2369 universam
1535 2310 1933 2384 Ecclesiam,
1963 2312 2075 2384 jus
2104 2310 2323 2369 eidem
2353 2326 2499 2369 esse
2535 2310 3000 2383 consequitur,

753 2394 824 2454 in
852 2393 1057 2467 hujus
1106 2391 1210 2450 sui
1257 2391 1552 2450 muneris
1599 2391 1929 2450 exercitio
1986 2391 2199 2449 libere
2252 2390 2799 2449 communicandi
2848 2406 3009 2450 cum

752 2472 1138 2552 pastoribus
1169 2479 1235 2530 et
1265 2470 1588 2547 gregibus
1620 2471 1823 2539 totius
1854 2470 2224 2544 Ecclesiae,
2264 2477 2339 2529 ut
2382 2471 2588 2529 iidem
2632 2471 2719 2529 ab
2752 2470 2902 2545 ipso
2935 2471 3013 2529 in

753 2556 870 2616 via
901 2553 1137 2614 salutis
1188 2553 1420 2611 doceri
1449 2569 1531 2611 ac
1575 2552 1725 2627 regi
1770 2553 2049 2626 possint.
2081 2550 2305 2626 Quare
2335 2553 2732 2611 damnamus
2774 2569 2858 2610 ac
2902 2567 3011 2612 re-

689 2693 708 2712 ,
754 2636 1116 2712 probamus
1141 2633 1410 2692 illorum
1441 2632 1835 2706 sententiaS,
1863 2633 1981 2706 qui
2009 2632 2187 2692 hanc
2227 2635 2523 2707 supremi
2574 2632 2818 2708 capitis
2848 2649 3010 2692 cum

754 2715 1140 2792 pastoribus
1201 2721 1268 2772 et
1323 2713 1648 2788 gregibus
1708 2713 2384 2774 communicationem
2440 2713 2625 2772 licite
2683 2713 3009 2788 impediri

755 2811 950 2872 posse
980 2794 1236 2866 dicunt,
1271 2802 1387 2852 aut
1411 2794 1717 2852 eamdem
1749 2793 2043 2852 reddunt
2079 2794 2417 2852 saeculari
2446 2794 2765 2868 potestati
2799 2794 3007 2852 obno-

754 2877 962 2948 xiam,
995 2875 1091 2934 ita
1121 2882 1193 2933 ut
1222 2874 1656 2946 contendant,
1688 2889 1861 2947 quae
1905 2874 1992 2934 ab
2020 2874 2409 2948 Apostolica
2460 2874 2633 2934 Sede
2687 2875 2799 2933 vel
2852 2875 3008 2948 ejus

755 2957 1160 3018 auctoritate
1191 2956 1279 3014 ad
1307 2955 1610 3028 regimen
1642 2954 1991 3012 Ecclesiae
2035 2954 2556 3029 constituuntur,
2592 2954 2729 3013 vim
2758 2971 2841 3013 ac
2884 2971 3004 3012 va-

740 3039 972 3098 ·lorem
1017 3052 1153 3095 non
1207 3035 1480 3109 habere,
1518 3035 1649 3095 nisi
1703 3035 2053 3109 potestatis
2103 3035 2477 3094 saecularis
2531 3035 2783 3110 placito
2847 3050 3006 3094 con-

755 3120 1128 3180 firmentur.

917 3198 1000 3256 Et
1031 3195 1348 3270 quoniam
1379 3195 1609 3254 divino
1668 3194 2041 3268 Apostolici
2088 3195 2415 3269 primatus
2456 3196 2611 3268 jure
2660 3195 3011 3255 Romanus

755 3278 1075 3338 Pontifex
1102 3276 1460 3336 universae
1483 3275 1834 3334 Ecclesiae
1864 3284 2155 3349 praeest,
2190 3276 2510 3334 docemus
2540 3276 2745 3333 etiam
2792 3283 2861 3334 et
2892 3278 3012 3334 de-

759 3359 1120 3430 claramus,
1157 3371 1310 3415 eum
1339 3371 1485 3414 esse
1510 3355 1815 3429 judicem
1846 3371 2230 3429 supremum
2272 3356 2572 3416 fidelium
2634 3355 2749 3434 (3),
2808 3360 2879 3414 et
2936 3357 3013 3416 in

757 3437 1065 3498 omnibus
1095 3436 1318 3496 causis
1348 3436 1436 3494 ad
1466 3452 1753 3495 examen
1800 3437 2346 3496 ecclesiasticum
2392 3437 2881 3512 spectantibuS,
2918 3438 3015 3496 ad

756 3519 970 3596 ipsius
998 3533 1192 3593 posse
1215 3516 1550 3590 ,iudicium
1597 3517 1861 3576 recurri
1921 3516 2037 3596 (4)=
2100 3515 2295 3576 Sedis
2349 3532 2512 3576 vero
2569 3515 3015 3590 Apostolicae

756 3601 951 3676 cujus
975 3598 1378 3658 auctoritate
1409 3598 1626 3671 major
1653 3614 1789 3656 non
1819 3605 1941 3671 est,
1971 3597 2305 3671 judicium
2335 3601 2376 3656 a
2422 3597 2691 3657 nemine
2719 3597 2871 3655 fore
2903 3613 3013 3656 re-

755 3680 1209 3751 tractandum,
1243 3693 1463 3752 neque
1493 3677 1813 3751 cuiquam
1841 3679 1925 3736 de
1957 3679 2103 3752 ejus
2131 3677 2340 3736 licere
2386 3677 2700 3751 judicare
2736 3677 3014 3750 judicio

759 3761 876 3841 (5).
912 3760 1135 3835 Quare
1160 3763 1405 3818 arecto
1434 3758 1747 3818 veritatis
1771 3758 2039 3818 tramite
2070 3759 2414 3832 aberrant,
2472 3757 2589 3832 qui
2632 3757 3013 3834 affirmant,

897 3960 972 4025 (l)
1043 3955 1216 4010 Conc.
1241 3954 1392 4008 Trid.
1415 3952 1570 4008 Sess.
1597 3957 1683 4008 23.
1710 3970 1831 4022 cap.
1859 3955 1910 4008 4.
2144 4011 2152 4020 ,
2261 3961 2269 3968 “

900 4029 975 4097 (2)
1052 4026 1110 4081 S.
1138 4027 1370 4094 Gregor.
1393 4027 1458 4079 D.
1489 4025 1558 4078 ad
1586 4027 1782 4093 Eulog.
1812 4027 2185 4080 Alexandria.
2202 4027 2369 4094 epist.
2396 4027 2589 4080 XXX.

898 4100 973 4167 (3)
1045 4098 1134 4152 Pii
1156 4099 1263 4155 ΡΡ.
1295 4098 1394 4152 VI.
1421 4097 1604 4152 Breve
1641 4097 1829 4166 Super
1844 4096 2137 4164 soliditate,
2163 4099 2217 4153 d.
2244 4101 2312 4152 28
2340 4115 2471 4154 nov.
2500 4099 2655 4152 1786.

899 4170 976 4237 (4)
1051 4169 1256 4224 Concil.
1282 4185 1499 4224 oecum.
1515 4169 1777 4236 Lugdun.
1798 4169 1874 4224 11.

900 4245 974 4309 (5)
1048 4241 1153 4308 Ep.
1179 4241 1229 4293 N
1232 4242 1396 4294 icolai
1421 4241 1464 4295 I.
1489 4241 1563 4294 ad
1590 4241 1933 4296 Michaelem
1958 4242 2385 4311 Imperatorem.
