3332 5100
1204 390 1562 450 -273—

268 554 456 604 nova
490 538 1086 602 documentorum
1124 538 1502 620 congeries
1540 556 1827 620 semper
1861 538 2113 602 habita
2147 540 2239 604 sit
2275 542 2507 608 veluti
2545 552 2547 554 ’

270 644 626 728 quoddam
682 646 1220 728 compilationis
1276 646 1809 728 Ansegisianae
1869 648 2503 730 complementum,

268 756 508 816 tamen
540 752 866 832 putanda
902 757 1012 816 est
1046 770 1224 834 opus
1262 754 1438 816 vere
1476 752 1917 834 distinctum,
1965 756 2301 836 quoniam
2337 754 2505 818 Dia-

268 876 484 924 conus
540 860 978 924 Benedictus
1034 860 1234 940 leges
1294 860 1644 940 plurimas
1699 861 1949 924 retulit
2003 880 2095 924 ex
2127 862 2505 926 Breviario

268 968 556 1048 Auiani,
598 984 690 1030 ex
728 964 992 1030 Codice
1032 966 1560 1048 Theodosium,
1602 986 1693 1032 ex
1727 968 2053 1034 Novellis
2087 970 2129 1034 J
2139 970 2503 1052 ustiniani,

266 1078 484 1156 atque
520 1074 740 1136 etiam
776 1090 868 1136 ex
900 1070 1284 1136 Codicibus
1324 1072 1775 1138 Germanicis
1822 1076 2251 1158 descriptas..
2289 1076 2507 1142 Liber

270 1182 542 1262 primus
576 1180 788 1262 hujus
846 1180 1272 1262 posterioris
1330 1180 1781 1246 collectionis
1835 1184 2343 1248 benedictinae
2375 1184 2507 1250 405

266 1290 700 1370 capitularia
744 1288 1278 1370 complectitur;
1318 1290 1675 1352 secundus
1709 1292 1865 1370 4363
1905 1292 2159 1354 tertius
2193 1292 2347 1356 478.

442 1396 842 1476 Postrenm,
886 1396 1232 1476 temporis
1272 1414 1612 1460 successu
1650 1398 1987 1478 prodiere
2025 1404 2333 1480 quatuor
2389 1400 2509 1464 ad-

264 1504 574 1568 ditiones
610 1504 930 1566 auctoris
964 1504 1216 1584 ignoti,
1256 1504 1366 1584 80,
1404 1504 1516 1586 88,
1560 1504 1689 1568 124
1725 1508 1943 1588 atque
2001 1506 2125 1570 171
2157 1506 2507 1586 capitula—

262 1612 372 1674 ria
404 1612 832 1694 singillatim
870 1612 1348 1692 continenteS,
1420 1616 1492 1674 et
1554 1614 2149 1676 abbreviationes
2197 1614 2510 1678 Herardi

266 1720 758 1784 Thuronensis
810 1728 882 1782 et
912 1720 1124 1784 Isaac
1158 1718 1600 1802 Langrensis
1656 1720 1979 1804 Capitula
2043 1726 2507 1802 nuncupatae

263 1844 344 1892 eo
386 1826 580 1910 quod
616 1826 1052 1908 capitularia
1088 1828 1368 1890 tantum
1398 1832 1779 1891 contracta
1815 1828 2259 1892 exhibebant
2293 1828 2415 1912 (1).

440 1936 594 1998 246.
694 1934 1000 2000 Saeculo
1036 1936 1176 1998 XII
1224 1936 1518 1998 ineunte
1578 1936 1805 2016 (1117)
1843 1936 2051 2018 Ivon,
2105 1936 2508 2018 Episcopus

264 2040 760 2124 Carnotensis,
814 2042 1088 2124 pietate
1156 2046 1372 2124 atque
1438 2042 1748 2108 scientia
1801 2042 2251 2124 praeclaruS,
2325 2044 2505 2108 duas

264 2168 624 2214 canonum
662 2150 1130 2214 collectiones
1168 2150 1606 2232 lucubravit,
1648 2150 2020 2216 Decretum
2075 2154 2147 2216 et
2195 2152 2507 2218 Pannor-

264 2258 500 2322 miam.
542 2256 784 2320 Prima
816 2256 1236 2338 compilatio
1274 2258 1749 2320 communiter
1803 2258 2175 2324 Decretum
2209 2252 2503 2340 uocata,

262 2366 390 2430 sub
462 2364 672 2428 titulo
732 2364 1276 2446 Eoecerptionum
1352 2364 2007 2430 Ecclesiasticarum
2088 2368 2511 2450 Reyularam

262 2474 570 2555 vulgata
608 2476 740 2553 est,
774 2474 844 2535 et
904 2472 980 2535 in
1038 2470 1118 2535 17
1182 2472 1408 2535 libros
1448 2472 1857 2553 distributa,
1929 2472 2049 2555 qui
2107 2472 2369 2537 iterum
2437 2472 2513 2537 in

266 2581 512 2663 capita
550 2579 1108 2661 distinguuntur:
1180 2579 1524 2661 secunda,
1594 2597 1831 2661 quam.
1879 2585 2133 2643 auctor
2197 2581 2509 2645 Faunor-

262 2689 500 2769 miam,
540 2687 664 2749 vel
698 2687 1156 2750 Pannomiam
1194 2687 1626 2767 appellavit.
1658 2687 2023 2769 quoniam,
2049 2687 2263 2769 juxta
2297 2687 2509 2767 hujus

262 2795 610 2859 vocabuli
644 2797 962 2875 etymon,
1000 2797 1192 2857 esset
1226 2793 1454 2857 veluti
1492 2795 1849 2875 quaedam
1901 2795 2217 2859 omnium
2269 2795 2509 2877 legum

262 2903 386 2967 vel
416 2901 832 2983 regularum
870 2901 1318 2983 complexus,
1356 2901 1432 2963 in
1464 2901 1510 2965 8
1544 2903 1767 2965 libros
1807 2901 2175 2965 dividitur.

444 3009 692 3073 Ivonis
730 3007 1200 3073 Oarnotensis
1238 3007 1540 3073 Codices
1576 3015 1875 3091 propter
1909 3011 2287 3073 innumera
2329 3011 2511 3075 vitia

264 3121 488 3201 atque
522 3117 808 3197 menda,
850 3117 1106 3197 quibus
1142 3119 1450 3197 scatent,
1490 3135 1801 3199 paucam
1857 3121 1981 3181 aut
2045 3117 2199 3181 fere
2237 3117 2515 3181 nullam

266 3225 780 3289 auctoritatem
816 3223 1064 3305 adepti
1098 3229 1288 3305 sunt3
1326 3243 1494 3287 nam
1528 3229 2045 3307 praeterquam
2073 3225 2265 3307 quod
2299 3241 2511 3287 cano-

264 3349 394 3395 nes
434 3331 710 3413 absque
744 3331 996 3393 ordine
1034 3335 1106 3393 et
1140 3331 1536 3395 selectione
1600 3331 2041 3409 inseruntur,
2083 3331 2515 3413 compilator

268 3437 510 3501 omnia
570 3437 1001 3501 documenta
1066 3439 1474 3519 promiscue
1526 3443 1598 3501 et
1654 3439 2285 3503 indiscriminatim
2347 3457 2513 3503 con-

266 3547 514 3625 gessit3
554 3545 724 3609 hinc
770 3545 984 3607 facile
1050 3549 1160 3607 est
1220 3545 1294 3607 in
1356 3553 1661 3627 utraque
1727 3547 2155 3611 collectione
2191 3545 2515 3627 reperire

268 3657 418 3719 tam
444 3637 714 3717 'Isidori
748 3651 1176 3717 Mercatoris
1210 3653 1436 3715 falsas
1474 3651 1927 3731 Decretales‚
1969 3673 2185 3737 quam
2241 3655 2513 3735 pleros-

408 3889 482 3953 (1)
554 3885 602 3937 A
628 3883 856 3939 saeculo
890 3887 1040 3939 XVI
1064 3887 1330 3953 vulgatae
1356 3888 1492 3937 sunt
1542 3885 1805 3939 diversae
1853 3883 2273 3953 Capitulariutn
2325 3885 2519 3937 editio·

268 3973 390 4019 nes,
418 3957 520 4009 sed
546 3959 824 4011 recentior
844 3961 1014 4023 atque
1040 3961 1294 4011 omnium
1324 3957 1773 4023 completissima
1799 3973 1865 4009 ea
1897 3963 2003 4025 est,
2045 3973 2213 4023 quam
2245 3955 2517 4023 Sthepha-

270 4045 380 4081 nus
406 4029 693 4081 Ballusins
722 4029 958 4081 Parisiis
984 4031 1138 4097 typis
1166 4031 1464 4083 adornavit
1490 4045 1640 4081 anno
1673 4029 1827 4081 1677.
1877 4029 1943 4081 In
1993 4029 2101 4081 hac
2145 4029 2397 4081 editione
2425 4029 2517 4081 ha-

270 4101 478 4153 bentur
504 4107 724 4167 septem
754 4101 880 4151 libri
942 4101 1198 4167 Ansegisi
1226 4105 1282 4153 et
1331 4101 1642 4167 Benedicti,
1679 4101 2001 4153 additiones
2047 4105 2219 4167 atque
2271 4101 2521 4167 capitula

272 4173 512 4225 Herardi
540 4177 598 4223 et
622 4173 800 4239 Isaac,
826 4173 1016 4225 fontes
1044 4177 1564 4235 monumentorum,
1614 4175 1885 4239 legesque
1934 4187 1969 4223 a
2019 4171 2343 4239 Dagoberto
2393 4189 2517 4223 con-

272 4243 424 4297 ditae
452 4259 554 4367 ptr-o
584 4243 910 4313 Ritpuariis‚
938 4243 1294 4299 Germanicis
1314 4261 1376 4297 ac
1403 4245 1634 4297 Bavaris
1662 4261 1789 4297 cum
1811 4243 2281 4297 annotationibus
2309 4243 2519 4297 criticis

276 4319 446 4381 atque
516 4315 774 4368 istoricis.

2279 4405 2343 4455 19
