3332 5100
1669 336 2025 396 *102—

732 480 832 548 IV
864 480 936 547 in
970 480 1500 549 Constitutione
1531 479 1727 546 Sicut
1763 482 1855 546 ad
1917 500 2295 562 sacrorum,
2333 479 2421 544 de
2475 480 2978 546 declaratione

734 590 1081 672 temporis
1117 588 1209 653 ad
1246 587 1709 653 observanda
1745 588 2041 652 decreta
2077 586 2380 652 Concilii
2413 588 2820 652 Tridentini
2882 590 2978 652 lo-

738 714 985 778 quenS,
1024 695 1277 779 aperte
1313 694 1547 759 docet:
1575 695 1749 760 Jare
1785 698 1991 760 etiam
2027 696 2367 760 communi
2399 696 2744 760 sancitam
2774 704 2874 760 est
2908 704 2982 760 ut

744 804 1256 868 constitutiones
1282 823 1495 868 novae
1520 804 1797 868 ‘nonnisi
1821 810 1985 886 post
2011 810 2269 866 certum
2307 810 2570 886 tempas
2602 804 2974 866 obtineant.

910 909 1250 992 Plerique
1283 926 1462 974 vero
1500 908 1855 973 Doctores
1883 910 2047 990 jure
2083 926 2169 972 ac
2205 910 2461 972 merito
2530 910 2982 972 contendunt

734 1033 1111 1082 sacrarum
1152 1014 1761 1080 Constitutionum
1817 1016 2498 1098 promulgationem,
2558 1016 2982 1080 solemniter

738 1130 810 1190 et
850 1125 1266 1189 authentice
1299 1123 1571 1189 Romae
1605 1125 1877 1188 factam
1905 1124 2081 1188 satis
2115 1142 2299 1206 esse,
2333 1130 2409 1187 ut
2437 1142 2684 1188 omnes
2742 1126 2980 1190 ubivis

738 1233 1059 1314 gentium
1095 1230 1490 1297 Christiani
1525 1233 1617 1296 ad
1652 1249 1777 1297 eas
1819 1232 2223 1296 servandas
2261 1234 2636 1312 cogantur.
2678 1230 2770 1294 Et
2802 1232 2980 1294 sane

740 1340 1090 1421 rationes,
1129 1357 1318 1422 quae
1353 1357 1485 1422 pro
1520 1339 1660 1403 hac
1697 1340 2169 1404 communiori
2225 1338 2588 1402 sententia
2638 1338 2978 1420 militant,

736 1444 1240 1510 validissimae
1276 1450 1349 1510 et
1384 1446 1903 1511 concludentes
1939 1450 2322 1528 apparent,
2353 1448 2568 1526 prout
2592 1452 2984 1528 sequentes

738 1553 1298 1618 observationes
1333 1553 2067 1634 historico-juridicae
2099 1554 2576 1636 patefaciunt:

916 1659 1017 1724 1.⁰
1108 1659 1375 1725 Forma
1433 1662 2059 1743 promulgationis,
2129 1662 2233 1724 uti
2293 1660 2449 1742 ipse
2485 1660 2984 1742 Van-Spenius

728 1770 1033 1849 fatetur,
1072 1786 1215 1831 non
1284 1767 1807 1832 determinatur
1865 1770 2029 1848 jure
2091 1768 2361 1848 divim,
2423 1768 2580 1832 sive
2634 1770 2982 1852 naturali,

738 1878 897 1940 sive
936 1875 1281 1957 positiv0,
1320 1892 1494 1956 ergo
1528 1875 1781 1938 modus
1813 1876 2379 1957 publicationem
2425 1876 2744 1938 faciendi
2790 1882 2986 1940 totus

738 1986 828 2048 ab
896 1983 1199 2048 arbitrio
1266 1986 1339 2048 et
1402 1983 1843 2064 legislatoris
1899 1984 2281 2048 voluntate
2343 1984 2634 2064 pendet.
2702 1982 2988 2048 Natura

736 2108 1059 2173 namque
1092 2091 1276 2172 legis
1312 2094 1385 2154 et
1417 2092 1773 2154 naturalis
1807 2092 1993 2154 ratio
2051 2096 2331 2154 tantum
2391 2092 2764 2172 postulant
2820 2108 2986 2172 pro-

736 2199 1263 2281 mulgationem
1298 2199 1400 2262 ita
1456 2198 1937 2262 sufficientem
1973 2198 2153 2278 fieri,
2193 2202 2271 2262 ut
2315 2200 2688 2262 moraliter
2754 2200 2988 2280 possit

738 2307 1087 2372 devenire
1120 2306 1193 2369 in
1230 2300 1563 2370 notitiam
1631 2308 1947 2370 omnium
2013 2306 2485 2388 subditorum;
2550 2324 2808 2370 verum
2840 2326 2990 2372 non

740 2414 1145 2496 requirunt,
1187 2416 1263 2486 ut
1302 2414 1426 2477 lex
1488 2413 1901 2494 publicetur
1939 2412 2077 2476 hac
2131 2414 2251 2478 vel
2309 2414 2435 2476 illa
2492 2414 2982 2498 solemnitate,

742 2540 872 2605 per
910 2538 1347 2604 praeconem
1387 2520 1509 2586 vel
1542 2538 1675 2603 per
1709 2520 2125 2585 affixionem
2161 2522 2381 2585 edicti
2405 2522 2479 2585 in
2508 2522 2682 2585 urbe
2718 2522 2986 2603 princi-

738 2647 830 2711 pe
866 2632 1170 2711 tantum,
1215 2629 1339 2694 vel
1392 2628 1467 2692 in
1501 2628 1803 2709 singulis
1861 2629 2283 2711 provinciis,
2345 2629 2599 2693 eodem
2654 2633 2986 2711 tempore

742 2737 864 2801 vel
896 2736 1297 2801 succesive.

914 2842 1021 2908 2.⁰
1114 2843 1361 2926 Usque
1398 2842 1490 2906 ad
1529 2860 1795 2906 annum
1833 2843 1961 2905 138
1995 2861 2215 2907 aerae
2251 2843 2692 2907 christianae
2726 2845 2986 2909 Roma-

744 2953 818 3015 ni
854 2951 1051 3032 leges
1082 2949 1549 3032 promulgare
1584 2955 2123 3018 consueverunt
2151 2969 2283 3029 per
2317 2951 2734 3015 affixionem
2768 2953 2844 3015 in
2878 2955 2986 3015 ta-

738 3059 923 3123 bulis
959 3058 1231 3139 aeneis,
1264 3060 1337 3120 et
1372 3063 1620 3120 tamen
1654 3056 1727 3119 in
1765 3059 2041 3121 cunctis
2081 3057 2377 3139 Imperii
2427 3059 2826 3139 provinciis
2876 3078 2986 3123 re-

740 3165 1197 3245 cipiebantur
1240 3166 1313 3228 et
1349 3163 1495 3227 vim
1561 3165 1871 3245 cogendi
1937 3165 2385 3245 obtinebant3
2433 3165 2734 3249 gQuidni
2790 3167 2988 3247 apud

740 3272 1189 3337 Christianos
1224 3271 1425 3351 leges
1467 3288 1510 3333 a
1545 3269 1853 3335 Summis
1911 3273 2377 3337 Pontificibus
2435 3273 2692 3335 eadem
2748 3275 2988 3337 forma

740 3381 935 3445 latae
972 3380 1325 3461 ejusmodi
1359 3380 1615 3444 valore
1648 3379 2103 3462 gaudebunt?

913 3486 1020 3551 3.⁰
1112 3487 1273 3552 Huc
1309 3487 1595 3554 accedit
1623 3488 1971 3569 judicium
2009 3493 2081 3551 et
2119 3489 2518 3551 auctoritas
2574 3487 2988 3553 Innocentii

738 3597 868 3679 ΙΙΙ,
907 3596 1031 3679 qui
1065 3595 1363 3660 Decano
1401 3598 1473 3660 et
1510 3593 1847 3678 Capitulo
1887 3595 2283 3661 Senonensi
2319 3597 2421 3661 ita
2455 3599 2772 3679 scripsit:
2826 3599 2988 3663 Non

740 3725 878 3769 esse
910 3705 1393 3786 necessarium,
1453 3723 1605 3768 cum
1675 3701 2083 3769 Constitutio
2121 3707 2516 3769 solemniter
2572 3707 2800 3769 editur
2864 3713 2988 3771 aut

726 3812 1000 3895 publice
1024 3811 1533 3896 promulqatur‚
1570 3811 1799 3895 ipsias
1835 3813 2153 3877 ‘notitiam
2211 3813 2640 3897 sinyaloram
2696 3815 2988 3879 auribus

725 3939 860 4003 per
890 3919 1188 4003 speciale
1222 3918 1625 3982 mandatum
1661 3919 1765 3981 vel
1803 3919 2077 3983 lit-teras
2111 3913 2490 3999 inculcem-e,-
2518 3921 2636 3985 sed
2662 3923 2736 3985 id
2762 3923 2988 3987 solum

738 4024 1012 4109 sufficit,
1046 4031 1121 4088 ut
1145 4025 1239 4089 ad
1272 4026 1421 4110 ejus
1456 4025 1959 4089 observantiam
1995 4033 2329 4107 teneatur,
2383 4029 2500 4109 qai
2532 4033 2800 4105 noverit
2836 4049 2990 4095 eam

738 4130 1128 4193 solemniter
1161 4130 1435 4213 editam,
1470 4115 1576 4195 vel
1598 4131 1877 4215 publice
1897 4133 2422 4219 promulgatam
2461 4131 2578 4217 (1).

878 4287 956 4355 (l)
1029 4285 1167 4358 Cap.
1195 4285 1238 4356 1,
1267 4286 1331 4343 de
1354 4270 1627 4343 Postulat.
1646 4285 1895 4345 Praelat.
