3332 5100
1602 419 1965 478 ...134—

667 563 998 631 absolute
1036 563 1422 645 loquendo,
1453 563 1742 627 minime
1769 563 2185 628 necessaria
2215 581 2373 627 esse
2423 565 2497 627 in
2543 561 2900 644 Ecclesia:

667 692 836 737 nam
892 673 1307 737 eorumdem
1360 673 1758 736 celebratio
1823 672 1911 735 fit
1979 691 2201 753 saepe
2259 673 2749 753 impossibiliS‚
2806 673 2910 735 uti

665 781 918 863 primis
952 781 1326 843 Ecclesiae
1360 780 1702 860 saeculis;
1761 785 2147 861 praeterea
2207 779 2662 843 Universitas
2714 781 2908 843 Pari-

667 887 924 951 siensis
986 891 1410 967 sequentem
1476 887 1973 967 propugnavit
2031 887 2624 967 propositionem:
2710 885 2908 949 “Non

667 1001 777 1059 est
810 995 1302 1059 necessarium
1354 993 1685 1057 absolute
1743 993 1837 1057 ad
1889 993 2363 1075 extirpandas
2421 993 2768 1057 haereses
2830 999 2902 1057 et

665 1103 1062 1167 schismata
1112 1103 1458 1183 generale
1514 1099 1983 1185 Concilium„
2041 1101 2115 1163 in
2169 1101 2658 1163 testimonium
2724 1118 2902 1163 suae

667 1211 1090 1275 assertionis
1130 1211 1554 1273 adducendo
1607 1208 1970 1273 haeresim
2019 1211 2511 1291 pelagianam,
2577 1211 2908 1291 aliosque

665 1319 1140 1399 gravissimos
1176 1319 1530 1383 adversus
1563 1316 1778 1380 fidem
1814 1335 2195 1399 moresque
2231 1335 2517 1379 errores
2573 1337 2616 1379 a
2652 1317 2906 1379 Roma-

667 1425 777 1487 nis
820 1425 1284 1489 Pontificibus
1332 1425 1711 1488 damnatos
1772 1425 2047 1507 absque
2105 1425 2577 1487 conciliorum
2640 1441 2904 1487 convo-

669 1533 980 1597 catione.
1020 1533 1340 1615 Idipsum
1387 1533 1663 1613 jamdiu
1699 1532 1931 1597 Divus
1983 1533 2425 1613 Augustinus
2479 1533 2908 1595 defenderat

669 1639 1022 1703 adversus
1058 1641 1492 1723 Pelagianos
1526 1640 1618 1703 ad
1673 1642 1993 1703 futurum
2045 1641 2459 1703 universale
2521 1641 2906 1703 concilium

669 1749 1154 1829 appellantes,
1194 1749 1514 1829 Idipsum
1554 1747 1967 1811 novissimis
2003 1747 2448 1827 temporibus
2509 1747 2906 1827 contigisse

669 1855 1004 1933 vidimuS,
1044 1857 1308 1917 etenim
1344 1857 1686 1919 haereses
1721 1855 2021 1918 obortae
2089 1873 2129 1917 a
2195 1855 2467 1919 Sancta
2501 1853 2686 1917 Sede
2740 1873 2904 1917 con-

669 1971 1058 2047 quassatae
1094 1968 1408 2045 suerunt,
1434 1967 1605 2045 quin
1636 1965 2445 2045 generaleindiceretur
2477 1961 2902 2043 Concilium,

669 2077 748 2135 ut
779 2077 986 2155 patet
1018 2073 1088 2135 in
1126 2073 1168 2135 J
1176 2073 1706 2135 ansenistarum
1739 2076 1887 2135 tam
1923 2071 2477 2153 Theologorum,
2521 2087 2736 2151 quam
2776 2067 2904 2131 Ca-

667 2177 1116 2241 nonistarum
1154 2179 1686 2259 profligatione:
1723 2183 1794 2241 et
1826 2179 2109 2260 quidem
2171 2177 2495 2239 haeresis
2537 2175 2906 2255 α1311331110.-

667 2305 765 2349 na
800 2287 1158 2369 theoloyz'ce
1192 2287 1264 2349 in
1300 2285 1508 2347 Bulla
1550 2285 1953 2369 Uniqenitus
2015 2305 2057 2347 a
2115 2283 2485 2349 Clemente
2549 2283 2654 2345 XI
2712 2283 2908 2345 edita

669 2393 1014 2455 damnata
1048 2393 1214 2473 suit,
1246 2395 1566 2457 (τα-11011103
1592 2409 1771 2456 vero
1808 2410 1937 2472 per
1995 2391 2644 2455 celebratissimam
2691 2389 2906 2453 Cons-

669 2501 1074 2564 titutionem
1096 2499 1461 2566 Auctorem
1494 2502 1694 2566 Fidei
1721 2519 1765 2564 a
1797 2500 1923 2564 Pio
1945 2501 2043 2564 VI
2075 2501 2297 2564 latam
2335 2517 2630 2582 prorsus
2666 2499 2906 2562 debel-

667 2606 820 2670 lata
856 2612 988 2670 est.
1030 2607 1349 2670 Tandem
1386 2608 1713 2671 Summus
1748 2607 2085 2671 Pontifex
2121 2608 2383 2670 Paulus
2417 2606 2525 2668 III
2575 2606 2646 2668 111
2696 2604 2908 2668 Bulla

667 2714 1082 2778 indictionis
1110 2714 1312 2778 Sacri
1350 2714 1815 2780 Oecumenici
1854 2720 1925 2777 et
1961 2712 2341 2778 Generalis
2401 2712 2706 2776 Concilii
2758 2712 2906 2774 Tri-

669 2820 944 2884 dentini
1006 2820 1108 2886 Ab
1170 2824 1370 2886 initio
1436 2823 1653 2886 nostri
1704 2822 1907 2907 hujus
1969 2824 2423 2908 Powztiftcatus
2507 2820 2906 2884 Concilium

667 2930 1074 3010 appellavit
1128 2930 1504 2994 remedium
1565 2931 1898 3012 optimum
1963 2938 2163 3012 atque
2225 2930 2902 3014 opportunissimum,

667 3036 960 3098 minime
996 3054 1170 3100 vero
1196 3037 1714 3102 necessarium.

846 3144 1142 3224 Tamen,
1176 3146 1390 3224 juxta
1450 3146 1822 3228 egregium
1882 3144 2095 3210 Card.
2159 3146 2702 3228 Bellarminum,
2756 3150 2904 3210 tres

667 3268 880 3312 casus
916 3250 1214 3314 evenire
1250 3258 1572 3333 possunt,
1612 3254 1687 3316 in
1722 3253 1977 3335 quibus
2007 3256 2426 3318 necessaria
2459 3256 2551 3316 sit
2606 3272 2904 3334 genera-

665 3358 755 3422 lis
783 3356 1089 3422 Concilii
1124 3362 1580 3424 convocatio:
1622 3363 1727 3425 1.Ο
1762 3379 1921 3426 oum
1957 3364 2327 3426 dubitatur
2363 3364 2519 3444 quis
2581 3364 2676 3426 sit
2732 3364 2904 3444 legi-

665 3466 882 3529 timus
916 3466 1276 3530 Pontifex:
1316 3472 1486 3532 tunc
1550 3468 1949 3551 Episcopos
2013 3470 2391 3534 conveniri
2459 3474 2748 3550 oportet
2814 3470 2906 3534 ad

665 3574 1198 3638 decernendum
1248 3594 1498 3640 verum
1538 3578 1623 3639 ac
1681 3575 2081 3657 legitimum
2129 3578 2325 3642 Petri
2379 3594 2900 3658 successorem:

659 3680 763 3762 ‚29
800 3700 980 3764 cum,
1018 3680 1199 3746 Sede
1232 3684 1554 3746 Romana
1581 3683 1747 3764 jure
1781 3686 1901 3748 vel
1931 3686 2125 3748 facto
2159 3692 2499 3766 vacante,
2529 3684 2906 3748 Ecclesiae

665 3788 1068 3852 necessitas
1096 3790 1166 3852 id
1202 3790 1553 3872 exposcit:
1606 3789 1713 3853 3.0
1747 3789 1832 3870 si,
1870 3791 2291 3876 hypothetice
2325 3794 2684 3874 loquendo,
2726 3792 2902 3854 Pon·

665 3894 848 3958 tifex
881 3896 954 3958 in
1015 3896 1374 3961 haeresim
1440 3899 1560 3962 vel
1621 3900 1935 3963 schisma
1991 3902 2239 3982 lapsus
2307 3906 2523 3980 esset:
2596 3902 2902 3964 diximus

665 4002 1082 4088 hypothetice
1118 4006 1476 4088 loquendo,
1518 4006 1685 4088 quia
1723 4006 1809 4070 de
1842 4006 1981 4070 fide
2017 4012 2123 4070 est
2155 4014 2317 4090 post
2353 4006 2656 4072 Concilii
2708 4008 2902 4072 Vati-

667 4110 830 4172 cani
872 4108 1360 4174 definitionem
1396 4112 1793 4177 Romanum
1826 4113 2273 4196 Pontificem,
2329 4132 2489 4178 cum
2529 4134 2620 4178 ex
2672 4114 2902 4180 Cathe-

665 4216 800 4280 dra
824 4216 1164 4298 loquitur,
1200 4218 1274 4280 id
1306 4224 1438 4300 est,
1478 4237 1639 4283 cum
1678 4220 1993 4284 omnium
2029 4220 2604 4286 Christianorum
2653 4222 2900 4286 Pasto-

665 4322 763 4386 ris
830 4328 902 4386 et
964 4324 1302 4390 Doctoris
1366 4343 1661 4390 munere
1724 4326 2069 4412 fungitur,
2133 4346 2381 4394 errare
2453 4346 2600 4394 non
2660 4346 2898 4414 posse,
