3332 5100
1245 367 1480 428 -241
1528 399 1605 413 -

314 512 789 594 instituemus,
852 511 1121 577 etenim
1180 515 1522 578 caeterae
1586 528 1834 576 omnes
1898 514 2048 576 tres
2106 516 2549 576 memoratas

313 638 489 704 prae
524 620 754 692 oculis
787 619 1215 685 habuerunt.
2575 696 2579 700 .

442 727 597 792 211.
692 727 834 793 Sed
868 727 1068 810 prius
1103 727 1378 810 aliquid
1413 727 1776 809 attingere
1804 726 2148 792 debemus
2178 726 2266 790 de
2294 744 2549 808 quaes-

313 834 506 900 tione
534 834 1192 918 historico-critica,
1220 835 1391 900 olim
1417 852 1682 918 magno
1707 836 2110 899 animarum
2130 840 2334 898 aestu
2360 834 2551 898 inter

312 941 697 1025 Van-Spen
770 941 1382 1007 Jansenianorum
1433 942 1990 1024 antesignanum
2052 946 2272 1022 atque
2338 956 2551 1004 cano-

313 1050 542 1114 nistas
577 1048 976 1114 catholicos
1012 1049 1318 1132 agitata,
1374 1048 1592 1114 hodie
1647 1048 1840 1113 inter
1874 1066 1992 1112 res
2036 1066 2282 1112 merae
2318 1046 2551 1110 erudi-

311 1155 529 1221 tionis
563 1155 979 1220 amandata.
1019 1155 1085 1220 A
1121 1156 1302 1221 viris
1337 1154 1570 1219 doctis
1616 1154 1806 1219 solet
1844 1154 2134 1236 inquiri,
2176 1172 2268 1218 an
2304 1154 2551 1216 Eccle-

309 1263 466 1327 siae
497 1262 806 1328 Latinae
842 1261 1087 1328 Codex
1122 1262 1385 1355 aliquis
1422 1265 1592 1327 ante
1625 1261 2150 1344 Dionysianam
2190 1262 2555 1324 collectio-

307 1386 477 1432 nem
512 1368 861 1446 extiterit3
898 1368 1058 1450 quis
1092 1367 1250 1449 ejus
1286 1370 1566 1448 auctor3
1619 1385 1972 1449 quosnam
2014 1384 2330 1430 canones
2368 1384 2555 1430 com-

315 1477 577 1558 plexus
609 1476 854 1557 fuerit3
896 1493 1064 1540 num
1113 1475 1351 1539 adhuc
1410 1475 1727 1558 supersit
1760 1478 1882 1556 (1).
1938 1474 2134 1538 Nihil
2170 1476 2306 1538 hac
2338 1492 2557 1556 super

312 1583 824 1649 controversia
888 1587 1165 1648 certum
1240 1582 1850 1666 exploratumque
1914 1582 2222 1646 habetur
2252 1630 2268 1662 ,
2336 1588 2555 1664 atque

311 1690 550 1754 critici
581 1690 656 1754 in
690 1690 939 1755 varias
972 1690 1374 1755 sententias
1410 1689 1772 1754 abierunt.

491 1796 637 1860 Alii
670 1814 834 1861 cum
888 1796 1180 1879 Devoti,
1243 1794 1543 1902 Cennjo,
1583 1799 1802 1879 atque
1852 1796 2204 1860 Ballerini
2264 1798 2557 1858 conten-

250 1961 259 1969 .
310 1904 493 1968 dunt
556 1921 804 1969 omnes
867 1904 1080 1985 huJus
1153 1904 1684 1969 remotissimae
1750 1904 2014 1968 aetatis
2081 1904 2555 1966 collectiones

307 2011 605 2094 privato
641 2011 877 2076 studio
912 2011 1135 2076 fuisse
1173 2011 1574 2093 confectae,
1633 2010 1942 2092 ideoque
1998 2010 2274 2074 nullam
2308 2028 2559 2072 earum

308 2118 756 2183 constituere
789 2118 1113 2200 potuisse
1146 2118 1473 2183 codicem
1499 2134 1884 2198 canonum,
1922 2118 2042 2198 qui
2072 2118 2364 2198 publica
2392 2136 2555 2180 auc-

308 2227 977 2309 toritate,receptus
998 2227 1118 2309 jus
1143 2225 1452 2291 Latinae
1478 2226 1856 2292 Ecclesiae
1884 2228 2314 2290 contineret.
2356 2226 2436 2307 Ej
2450 2244 2557 2290 us-

308 2333 508 2399 modi
541 2334 940 2417 scriptores
998 2334 1447 2399 arbitrantur
1503 2334 1775 2398 codicis
1810 2334 1970 2396 loco
2032 2352 2258 2414 usque
2296 2332 2386 2396 ad
2422 2332 2559 2396 VII

305 2442 683 2506 saeculum
715 2441 1086 2506 Romanae
1120 2442 1499 2507 Ecclesiae
1527 2442 1751 2506 fuisse
1784 2440 2336 2520 Bibliothecam,
2370 2456 2557 2520 quae

309 2549 691 2615 dicebatur
723 2547 1119 2632 Archivum,
1154 2547 1500 2631 Solu-iaia,
1543 2547 2014 2627 Char-tarium,
2056 2549 2176 2611 ubi
2210 2549 2557 2611 Decreta-

308 2657 485 2723 lium
545 2656 1028 2740 autographa,
1087 2661 1308 2741 atque
1344 2661 1513 2720 acta
1561 2660 1634 2720 et
1665 2673 1982 2719 canones
2044 2655 2555 2733 Conciliorum,

315 2770 760 2848 caeteraque
807 2764 1328 2829 Ecclesiastica
1361 2770 1828 2829 monumenta
1868 2765 2382 2827 servabantur.
2422 2763 2561 2827 Pro

313 2892 446 2937 sua
480 2872 846 2936 sententia
880 2870 1249 2937 adducunt
1281 2871 1351 2936 S.
1415 2872 1962 2953 Hieronymum,
2016 2871 2162 2953 qui,
2206 2871 2559 2935 adversus

311 2980 648 3044 Rufinum
704 2980 1057 3058 scribens,
1117 2978 1310 3043 hunc
1368 2979 1455 3043 de
1514 2979 1778 3043 litteris
1816 2979 1906 3041 ab
1948 2977 2342 3051 Anastasio
2402 2977 2432 3039 Ι
2470 2977 2563 3039 ad

314 3086 358 3151 J
365 3103 678 3151 oannem
713 3085 1459 3169 Hierosolymitanum
1492 3086 1681 3150 datis
1732 3086 2180 3149 dubitantem
2218 3085 2310 3147 ad
2352 3083 2561 3149 Char-

316 3196 582 3260 tarium
633 3196 1014 3275 provocat.
1075 3193 1464 3257 Proferunt
1521 3193 1741 3256 etiam
1776 3191 2092 3255 Litteras
2158 3211 2198 3253 a
2236 3209 2559 3271 compro-

314 3301 758 3367 vincialibus
792 3300 1174 3382 Episcopis
1208 3300 1631 3381 metropolis
1666 3299 2120 3363 Arelatensis
2150 3299 2240 3361 ad
2276 3297 2344 3361 S.
2386 3297 2561 3361 Leo-

319 3425 486 3472 nem
522 3408 862 3489 Magnum
891 3408 1172 3489 missas,
1205 3424 1392 3489 quae
1425 3409 1575 3471 vim
1625 3425 1910 3471 omnem
1938 3413 2012 3469 et
2046 3407 2563 3469 auctoritatem

319 3512 801 3581 Decretorum
835 3515 1103 3579 Zosimi
1149 3514 1519 3579 Pontificis
1573 3532 1721 3578 non
1778 3533 1872 3577 ex
1900 3515 2140 3595 aliquo
2202 3529 2561 3575 canonum

320 3622 592 3705 codice,
629 3619 758 3687 ‘sed
790 3640 882 3686 ex
913 3621 1259 3687 Schriniis
1294 3620 1498 3687 Sedis
1530 3621 2000 3705 Apostolicae
2034 3625 2398 3701 repetunt.

496 3730 934 3794 Existimant
970 3729 1095 3794 alii
1129 3747 1290 3794 cum
1323 3729 1594 3811 Soglia,
1662 3726 1986 3793 Camillis
2022 3735 2242 3809 atque
2276 3725 2561 3805 Hugue-

320 3836 470 3917 nin,
507 3837 766 3919 quibus
795 3837 983 3901 ultro
1014 3837 1674 3933 assentimurnante
1701 3835 2032 3917 Dionysii
2060 3833 2565 3897 collectionem

461 4032 534 4097 (l)
605 4032 746 4084 Tota
766 4034 1026 4099 quaestio
1044 4034 1302 4084 versatur
1322 4031 1393 4084 de
1419 4028 1647 4093 Codice,
1676 4029 1769 4095 qui
1800 4045 1914 4081 non
1966 4029 2150 4081 solum
2196 4027 2563 4081 conciliorum

329 4118 597 4164 canoneS,
623 4116 818 4155 verum
845 4105 1015 4157 etiam
1043 4104 1367 4155 Decretales
1400 4100 1727 4155 pontificias
1766 4101 2080 4167 exhiberet,
2122 4115 2252 4151 nam
2282 4101 2354 4151 de
2376 4101 2567 4151 collec—

330 4173 587 4227 tionibus
635 4173 788 4227 mere
836 4174 1233 4228 conciliaribus
1279 4173 1434 4226 nulla
1478 4173 1759 4226 dubitatio
1786 4173 1990 4223 oboriri
2021 4173 2218 4239 possit,
2246 4187 2372 4223 cum
2416 4171 2567 4237 apud

332 4260 532 4297 omnes
552 4250 722 4299 notae
741 4246 858 4299 sint
885 4247 1197 4301 Versiones
1227 4245 1560 4312 Isidoriana,
1600 4243 1796 4297 Prisca
1822 4245 2094 4311 aliaeque,
2144 4261 2284 4309 quas
2328 4251 2567 4309 praeter-

330 4317 639 4372 missimus.
2326 4385 2390 4437 Π
