<?xml version="1.0" encoding="UTF-8"?>
<!DOCTYPE html PUBLIC "-//W3C//DTD XHTML 1.0 Transitional//EN"
    "http://www.w3.org/TR/xhtml1/DTD/xhtml1-transitional.dtd">
<html xmlns="http://www.w3.org/1999/xhtml" xml:lang="en" lang="en">
 <head>
  <title>
</title>
<meta http-equiv="Content-Type" content="text/html;charset=utf-8" />
  <meta name='ocr-system' content='tesseract 3.04.00' />
  <meta name='ocr-capabilities' content='ocr_page ocr_carea ocr_par ocr_line ocrx_word'/>
</head>
<body>
  <div class='ocr_page' id='page_1' title='image "./introductioinju00ferngoog_0168.png"; bbox 0 0 3332 5100; ppageno 0'>
   <div class='ocr_carea' id='block_1_1' title="bbox 1644 338 2003 396">
    <p class='ocr_par' dir='ltr' id='par_1_1' title="bbox 1644 338 2003 396">
     <span class='ocr_line' id='line_1_1' title="bbox 1644 338 2003 396; baseline 0.006 -2"><span class='ocrx_word' id='word_1_1' title='bbox 1644 338 2003 396; x_wconf 75' lang='lat'><strong>—148—</strong></span> 
     </span>
    </p>
   </div>
   <div class='ocr_carea' id='block_1_2' title="bbox 668 482 2957 4321">
    <p class='ocr_par' dir='ltr' id='par_1_2' title="bbox 702 482 2947 890">
     <span class='ocr_line' id='line_1_2' title="bbox 704 482 2947 564; baseline 0 -18"><span class='ocrx_word' id='word_1_2' title='bbox 704 484 940 548; x_wconf 85' lang='lat' dir='ltr'>altera</span> <span class='ocrx_word' id='word_1_3' title='bbox 972 484 1046 547; x_wconf 91' lang='lat' dir='ltr'>in</span> <span class='ocrx_word' id='word_1_4' title='bbox 1084 500 1226 564; x_wconf 88' lang='lat' dir='ltr'>qua</span> <span class='ocrx_word' id='word_1_5' title='bbox 1260 482 1348 546; x_wconf 92' lang='lat' dir='ltr'>de</span> <span class='ocrx_word' id='word_1_6' title='bbox 1380 482 1713 546; x_wconf 84' lang='lat' dir='ltr'>doctrina</span> <span class='ocrx_word' id='word_1_7' title='bbox 1747 482 1839 546; x_wconf 89' lang='lat' dir='ltr'>ab</span> <span class='ocrx_word' id='word_1_8' title='bbox 1875 482 2277 546; x_wconf 89' lang='lat' dir='ltr'>haereticis</span> <span class='ocrx_word' id='word_1_9' title='bbox 2333 484 2811 546; x_wconf 78' lang='lat' dir='ltr'>controversa</span> <span class='ocrx_word' id='word_1_10' title='bbox 2871 482 2947 546; x_wconf 92' lang='lat' dir='ltr'>in</span> 
     </span>
     <span class='ocr_line' id='line_1_3' title="bbox 702 588 2943 674; baseline -0.002 -18"><span class='ocrx_word' id='word_1_11' title='bbox 702 592 1060 674; x_wconf 82' lang='lat' dir='ltr'>capitibus</span> <span class='ocrx_word' id='word_1_12' title='bbox 1096 590 1336 672; x_wconf 88' lang='lat' dir='ltr'>agitur</span> <span class='ocrx_word' id='word_1_13' title='bbox 1372 596 1444 654; x_wconf 87' lang='lat' dir='ltr'>et</span> <span class='ocrx_word' id='word_1_14' title='bbox 1480 590 1743 670; x_wconf 80' lang='lat' dir='ltr'>dogma</span> <span class='ocrx_word' id='word_1_15' title='bbox 1779 590 2213 654; x_wconf 86' lang='lat' dir='ltr'>catholicum</span> <span class='ocrx_word' id='word_1_16' title='bbox 2251 606 2383 670; x_wconf 88' lang='lat' dir='ltr'>per</span> <span class='ocrx_word' id='word_1_17' title='bbox 2419 606 2737 654; x_wconf 90' lang='lat' dir='ltr'>canones</span> <span class='ocrx_word' id='word_1_18' title='bbox 2777 588 2943 654; x_wconf 86' lang='lat' dir='ltr'>defi-</span> 
     </span>
     <span class='ocr_line' id='line_1_4' title="bbox 702 696 2943 780; baseline -0.003 -14"><span class='ocrx_word' id='word_1_19' title='bbox 702 706 898 766; x_wconf 86' lang='lat' dir='ltr'><strong>nitur</strong></span> <span class='ocrx_word' id='word_1_20' title='bbox 932 702 1061 764; x_wconf 88' lang='lat' dir='ltr'>sub</span> <span class='ocrx_word' id='word_1_21' title='bbox 1100 696 1588 764; x_wconf 75' lang='lat' dir='ltr'><strong>anathematis</strong></span> <span class='ocrx_word' id='word_1_22' title='bbox 1624 716 1887 780; x_wconf 89' lang='lat' dir='ltr'>poena;</span> <span class='ocrx_word' id='word_1_23' title='bbox 1929 698 2163 760; x_wconf 88' lang='lat' dir='ltr'>altera</span> <span class='ocrx_word' id='word_1_24' title='bbox 2198 698 2273 760; x_wconf 90' lang='lat' dir='ltr'>in</span> <span class='ocrx_word' id='word_1_25' title='bbox 2307 716 2451 780; x_wconf 89' lang='lat' dir='ltr'>qua</span> <span class='ocrx_word' id='word_1_26' title='bbox 2483 698 2791 760; x_wconf 88' lang='lat' dir='ltr'>habetur</span> <span class='ocrx_word' id='word_1_27' title='bbox 2827 696 2943 760; x_wconf 89' lang='lat' dir='ltr'>de-</span> 
     </span>
     <span class='ocr_line' id='line_1_5' title="bbox 706 804 2939 890; baseline -0.002 -19"><span class='ocrx_word' id='word_1_28' title='bbox 706 811 982 872; x_wconf 87' lang='lat' dir='ltr'>cretum</span> <span class='ocrx_word' id='word_1_29' title='bbox 1010 808 1090 870; x_wconf 81' lang='lat' dir='ltr'>de</span> <span class='ocrx_word' id='word_1_30' title='bbox 1118 804 1634 890; x_wconf 54' lang='lat' dir='ltr'>Refer-mationa</span> <span class='ocrx_word' id='word_1_31' title='bbox 1664 804 1759 866; x_wconf 89' lang='lat' dir='ltr'>ad</span> <span class='ocrx_word' id='word_1_32' title='bbox 1783 822 1901 868; x_wconf 91' lang='lat' dir='ltr'>res</span> <span class='ocrx_word' id='word_1_33' title='bbox 1931 804 2439 886; x_wconf 88' lang='lat' dir='ltr'>disciplinares</span> <span class='ocrx_word' id='word_1_34' title='bbox 2469 822 2939 868; x_wconf 75' lang='lat' dir='ltr'>concernens,</span> 
     </span>
    </p>

    <p class='ocr_par' dir='ltr' id='par_1_3' title="bbox 702 910 2951 2370">
     <span class='ocr_line' id='line_1_6' title="bbox 880 910 2941 992; baseline -0.002 -14"><span class='ocrx_word' id='word_1_35' title='bbox 880 914 1084 978; x_wconf 89' lang='lat' dir='ltr'>Haec</span> <span class='ocrx_word' id='word_1_36' title='bbox 1110 916 1586 976; x_wconf 88' lang='lat' dir='ltr'>sacrosancta</span> <span class='ocrx_word' id='word_1_37' title='bbox 1638 910 1969 992; x_wconf 81' lang='lat' dir='ltr'>Synodus</span> <span class='ocrx_word' id='word_1_38' title='bbox 2001 916 2169 992; x_wconf 88' lang='lat' dir='ltr'>post</span> <span class='ocrx_word' id='word_1_39' title='bbox 2195 912 2557 992; x_wconf 78' lang='lat' dir='ltr'>duplicem</span> <span class='ocrx_word' id='word_1_40' title='bbox 2589 912 2941 992; x_wconf 90' lang='lat' dir='ltr'>interrup-</span> 
     </span>
     <span class='ocr_line' id='line_1_7' title="bbox 704 1018 2945 1102; baseline -0.001 -18"><span class='ocrx_word' id='word_1_41' title='bbox 704 1022 976 1086; x_wconf 82' lang='lat' dir='ltr'>tionem</span> <span class='ocrx_word' id='word_1_42' title='bbox 1042 1020 1308 1102; x_wconf 88' lang='lat' dir='ltr'>partim</span> <span class='ocrx_word' id='word_1_43' title='bbox 1342 1018 1658 1082; x_wconf 78' lang='lat' dir='ltr'>dissidiis</span> <span class='ocrx_word' id='word_1_44' title='bbox 1697 1018 1989 1082; x_wconf 88' lang='lat' dir='ltr'>Patrum</span> <span class='ocrx_word' id='word_1_45' title='bbox 2025 1022 2095 1082; x_wconf 88' lang='lat' dir='ltr'>et</span> <span class='ocrx_word' id='word_1_46' title='bbox 2133 1020 2321 1100; x_wconf 89' lang='lat' dir='ltr'>pesti</span> <span class='ocrx_word' id='word_1_47' title='bbox 2355 1018 2823 1082; x_wconf 83' lang='lat' dir='ltr'>Tridentinae</span> <span class='ocrx_word' id='word_1_48' title='bbox 2873 1018 2945 1082; x_wconf 92' lang='lat' dir='ltr'>in</span> 
     </span>
     <span class='ocr_line' id='line_1_8' title="bbox 702 1124 2943 1212; baseline -0.002 -20"><span class='ocrx_word' id='word_1_49' title='bbox 702 1130 936 1212; x_wconf 88' lang='lat' dir='ltr'>prima</span> <span class='ocrx_word' id='word_1_50' title='bbox 970 1128 1462 1208; x_wconf 82' lang='lat' dir='ltr'>suspensionis</span> <span class='ocrx_word' id='word_1_51' title='bbox 1514 1126 1817 1208; x_wconf 82' lang='lat' dir='ltr'>epocha,</span> <span class='ocrx_word' id='word_1_52' title='bbox 1859 1128 2123 1208; x_wconf 88' lang='lat' dir='ltr'>partim</span> <span class='ocrx_word' id='word_1_53' title='bbox 2163 1146 2341 1190; x_wconf 78' lang='lat' dir='ltr'>vero</span> <span class='ocrx_word' id='word_1_54' title='bbox 2393 1128 2605 1190; x_wconf 85' lang='lat' dir='ltr'>bellis</span> <span class='ocrx_word' id='word_1_55' title='bbox 2649 1124 2943 1192; x_wconf 79' lang='lat' dir='ltr'>Germa-</span> 
     </span>
     <span class='ocr_line' id='line_1_9' title="bbox 704 1232 2941 1316; baseline -0.001 -17"><span class='ocrx_word' id='word_1_56' title='bbox 704 1236 910 1316; x_wconf 82' lang='lat' dir='ltr'>niciS,</span> <span class='ocrx_word' id='word_1_57' title='bbox 940 1234 1506 1298; x_wconf 84' lang='lat' dir='ltr'>Protestantium</span> <span class='ocrx_word' id='word_1_58' title='bbox 1552 1234 1831 1296; x_wconf 88' lang='lat' dir='ltr'>insidiis</span> <span class='ocrx_word' id='word_1_59' title='bbox 1867 1238 1937 1296; x_wconf 91' lang='lat' dir='ltr'>et</span> <span class='ocrx_word' id='word_1_60' title='bbox 1973 1234 2289 1296; x_wconf 87' lang='lat' dir='ltr'>Mauritii</span> <span class='ocrx_word' id='word_1_61' title='bbox 2323 1232 2667 1296; x_wconf 80' lang='lat' dir='ltr'>Saxonici</span> <span class='ocrx_word' id='word_1_62' title='bbox 2703 1234 2775 1296; x_wconf 91' lang='lat' dir='ltr'>in</span> <span class='ocrx_word' id='word_1_63' title='bbox 2815 1232 2941 1296; x_wconf 86' lang='lat' dir='ltr'>Ca-</span> 
     </span>
     <span class='ocr_line' id='line_1_10' title="bbox 708 1340 2941 1422; baseline -0.002 -16"><span class='ocrx_word' id='word_1_64' title='bbox 708 1344 942 1406; x_wconf 88' lang='lat' dir='ltr'>rolum</span> <span class='ocrx_word' id='word_1_65' title='bbox 980 1342 1038 1406; x_wconf 89' lang='lat' dir='ltr'>V</span> <span class='ocrx_word' id='word_1_66' title='bbox 1066 1340 1448 1404; x_wconf 86' lang='lat' dir='ltr'>rebellioni</span> <span class='ocrx_word' id='word_1_67' title='bbox 1474 1341 1546 1402; x_wconf 90' lang='lat' dir='ltr'>in</span> <span class='ocrx_word' id='word_1_68' title='bbox 1574 1340 1895 1404; x_wconf 90' lang='lat' dir='ltr'>secunda</span> <span class='ocrx_word' id='word_1_69' title='bbox 1927 1342 2401 1422; x_wconf 84' lang='lat' dir='ltr'>suspensione</span> <span class='ocrx_word' id='word_1_70' title='bbox 2463 1340 2941 1418; x_wconf 75' lang='lat' dir='ltr'>tribuendam,</span> 
     </span>
     <span class='ocr_line' id='line_1_11' title="bbox 708 1448 2941 1530; baseline -0.002 -16"><span class='ocrx_word' id='word_1_71' title='bbox 708 1452 958 1514; x_wconf 88' lang='lat' dir='ltr'>decem</span> <span class='ocrx_word' id='word_1_72' title='bbox 1028 1454 1100 1512; x_wconf 86' lang='lat' dir='ltr'>et</span> <span class='ocrx_word' id='word_1_73' title='bbox 1168 1454 1328 1512; x_wconf 89' lang='lat' dir='ltr'>octo</span> <span class='ocrx_word' id='word_1_74' title='bbox 1368 1448 1761 1510; x_wconf 86' lang='lat' dir='ltr'>transactis</span> <span class='ocrx_word' id='word_1_75' title='bbox 1793 1450 2000 1510; x_wconf 86' lang='lat' dir='ltr'>annis</span> <span class='ocrx_word' id='word_1_76' title='bbox 2041 1450 2129 1512; x_wconf 87' lang='lat' dir='ltr'>ab</span> <span class='ocrx_word' id='word_1_77' title='bbox 2169 1450 2325 1530; x_wconf 85' lang='lat' dir='ltr'>ejus</span> <span class='ocrx_word' id='word_1_78' title='bbox 2359 1448 2941 1530; x_wconf 81' lang='lat' dir='ltr'>inauguratione,</span> 
     </span>
     <span class='ocr_line' id='line_1_12' title="bbox 718 1556 2945 1620; baseline 0 -2"><span class='ocrx_word' id='word_1_79' title='bbox 718 1556 996 1620; x_wconf 88' lang='lat' dir='ltr'>demum</span> <span class='ocrx_word' id='word_1_80' title='bbox 1038 1558 1152 1620; x_wconf 91' lang='lat' dir='ltr'>die</span> <span class='ocrx_word' id='word_1_81' title='bbox 1182 1556 1226 1618; x_wconf 82' lang='lat'><strong>4</strong></span> <span class='ocrx_word' id='word_1_82' title='bbox 1262 1556 1687 1620; x_wconf 88' lang='lat' dir='ltr'>Decembris</span> <span class='ocrx_word' id='word_1_83' title='bbox 1718 1556 1887 1618; x_wconf 89' lang='lat' dir='ltr'>anni</span> <span class='ocrx_word' id='word_1_84' title='bbox 1925 1556 2095 1620; x_wconf 79' lang='lat'>1563</span> <span class='ocrx_word' id='word_1_85' title='bbox 2131 1558 2467 1620; x_wconf 90' lang='lat' dir='ltr'>absoluta</span> <span class='ocrx_word' id='word_1_86' title='bbox 2495 1560 2603 1620; x_wconf 91' lang='lat' dir='ltr'>est</span> <span class='ocrx_word' id='word_1_87' title='bbox 2635 1574 2795 1620; x_wconf 88' lang='lat' dir='ltr'>cum</span> <span class='ocrx_word' id='word_1_88' title='bbox 2829 1558 2945 1618; x_wconf 91' lang='lat' dir='ltr'>be-</span> 
     </span>
     <span class='ocr_line' id='line_1_13' title="bbox 706 1662 2947 1744; baseline -0.001 -18"><span class='ocrx_word' id='word_1_89' title='bbox 706 1664 1122 1726; x_wconf 90' lang='lat' dir='ltr'>nedictione</span> <span class='ocrx_word' id='word_1_90' title='bbox 1144 1662 1552 1726; x_wconf 87' lang='lat' dir='ltr'>Cardinalis</span> <span class='ocrx_word' id='word_1_91' title='bbox 1582 1662 1885 1744; x_wconf 82' lang='lat' dir='ltr'>Moroni,</span> <span class='ocrx_word' id='word_1_92' title='bbox 1925 1664 2147 1726; x_wconf 87' lang='lat' dir='ltr'>Primi</span> <span class='ocrx_word' id='word_1_93' title='bbox 2177 1664 2461 1744; x_wconf 81' lang='lat' dir='ltr'>Legati,</span> <span class='ocrx_word' id='word_1_94' title='bbox 2491 1668 2563 1726; x_wconf 89' lang='lat' dir='ltr'>et</span> <span class='ocrx_word' id='word_1_95' title='bbox 2591 1664 2947 1726; x_wconf 87' lang='lat' dir='ltr'>acclama-</span> 
     </span>
     <span class='ocr_line' id='line_1_14' title="bbox 706 1770 2943 1852; baseline 0 -20"><span class='ocrx_word' id='word_1_96' title='bbox 706 1770 1018 1834; x_wconf 88' lang='lat' dir='ltr'>tionibus</span> <span class='ocrx_word' id='word_1_97' title='bbox 1050 1790 1092 1834; x_wconf 90' lang='lat' dir='ltr'>a</span> <span class='ocrx_word' id='word_1_98' title='bbox 1122 1770 1492 1834; x_wconf 85' lang='lat' dir='ltr'>Cardinali</span> <span class='ocrx_word' id='word_1_99' title='bbox 1522 1770 1606 1834; x_wconf 92' lang='lat' dir='ltr'>de</span> <span class='ocrx_word' id='word_1_100' title='bbox 1630 1772 2109 1852; x_wconf 82' lang='lat' dir='ltr'>Letharingia</span> <span class='ocrx_word' id='word_1_101' title='bbox 2137 1772 2369 1834; x_wconf 76' lang='lat' dir='ltr'>lectis,</span> <span class='ocrx_word' id='word_1_102' title='bbox 2399 1772 2651 1834; x_wconf 88' lang='lat' dir='ltr'>Patres</span> <span class='ocrx_word' id='word_1_103' title='bbox 2679 1776 2943 1847; x_wconf 85' lang='lat' dir='ltr'>autem,</span> 
     </span>
     <span class='ocr_line' id='line_1_15' title="bbox 706 1878 2949 1960; baseline 0.001 -22"><span class='ocrx_word' id='word_1_104' title='bbox 706 1882 1092 1958; x_wconf 76' lang='lat' dir='ltr'>sequentes</span> <span class='ocrx_word' id='word_1_105' title='bbox 1144 1896 1400 1942; x_wconf 83' lang='lat' dir='ltr'>vocem</span> <span class='ocrx_word' id='word_1_106' title='bbox 1448 1878 1895 1960; x_wconf 84' lang='lat' dir='ltr'>percelebris</span> <span class='ocrx_word' id='word_1_107' title='bbox 1949 1878 2243 1942; x_wconf 85' lang='lat' dir='ltr'>Antonii</span> <span class='ocrx_word' id='word_1_108' title='bbox 2301 1880 2707 1960; x_wconf 83' lang='lat' dir='ltr'>Augustini,</span> <span class='ocrx_word' id='word_1_109' title='bbox 2779 1884 2949 1940; x_wconf 88' lang='lat' dir='ltr'>tunc</span> 
     </span>
     <span class='ocr_line' id='line_1_16' title="bbox 710 1984 2949 2066; baseline -0.001 -18"><span class='ocrx_word' id='word_1_110' title='bbox 710 1984 1158 2064; x_wconf 88' lang='lat' dir='ltr'>Illerdensis,</span> <span class='ocrx_word' id='word_1_111' title='bbox 1198 1988 1456 2066; x_wconf 88' lang='lat' dir='ltr'>postea</span> <span class='ocrx_word' id='word_1_112' title='bbox 1508 1986 2079 2048; x_wconf 88' lang='lat' dir='ltr'>Tarraconensis</span> <span class='ocrx_word' id='word_1_113' title='bbox 2107 1986 2497 2066; x_wconf 76' lang='lat' dir='ltr'>PraesuliS‚</span> <span class='ocrx_word' id='word_1_114' title='bbox 2537 2004 2667 2066; x_wconf 89' lang='lat' dir='ltr'>pro</span> <span class='ocrx_word' id='word_1_115' title='bbox 2697 1986 2949 2048; x_wconf 87' lang='lat' dir='ltr'>confir-—</span> 
     </span>
     <span class='ocr_line' id='line_1_17' title="bbox 706 2090 2945 2172; baseline 0 -20"><span class='ocrx_word' id='word_1_116' title='bbox 706 2090 1026 2154; x_wconf 89' lang='lat' dir='ltr'>matione</span> <span class='ocrx_word' id='word_1_117' title='bbox 1060 2092 1490 2172; x_wconf 87' lang='lat' dir='ltr'>clamarunt,</span> <span class='ocrx_word' id='word_1_118' title='bbox 1528 2110 1715 2172; x_wconf 87' lang='lat' dir='ltr'>quae</span> <span class='ocrx_word' id='word_1_119' title='bbox 1753 2096 2009 2172; x_wconf 88' lang='lat' dir='ltr'>sponte</span> <span class='ocrx_word' id='word_1_120' title='bbox 2047 2096 2117 2154; x_wconf 89' lang='lat' dir='ltr'>et</span> <span class='ocrx_word' id='word_1_121' title='bbox 2151 2110 2423 2154; x_wconf 90' lang='lat' dir='ltr'>summo</span> <span class='ocrx_word' id='word_1_122' title='bbox 2463 2110 2623 2154; x_wconf 87' lang='lat' dir='ltr'>cum</span> <span class='ocrx_word' id='word_1_123' title='bbox 2687 2090 2945 2172; x_wconf 87' lang='lat' dir='ltr'>gaudio</span> 
     </span>
     <span class='ocr_line' id='line_1_18' title="bbox 708 2196 2951 2278; baseline 0 -20"><span class='ocrx_word' id='word_1_124' title='bbox 708 2196 880 2260; x_wconf 85' lang='lat' dir='ltr'>data</span> <span class='ocrx_word' id='word_1_125' title='bbox 906 2196 1038 2260; x_wconf 86' lang='lat' dir='ltr'>fuit</span> <span class='ocrx_word' id='word_1_126' title='bbox 1074 2198 1116 2260; x_wconf 77' lang='lat' dir='ltr'>a</span> <span class='ocrx_word' id='word_1_127' title='bbox 1150 2196 1273 2260; x_wconf 91' lang='lat' dir='ltr'>Pio</span> <span class='ocrx_word' id='word_1_128' title='bbox 1302 2198 1404 2262; x_wconf 89' lang='lat' dir='ltr'>IV</span> <span class='ocrx_word' id='word_1_129' title='bbox 1436 2198 1510 2260; x_wconf 89' lang='lat' dir='ltr'>in</span> <span class='ocrx_word' id='word_1_130' title='bbox 1543 2198 1755 2260; x_wconf 89' lang='lat' dir='ltr'>Bulla</span> <span class='ocrx_word' id='word_1_131' title='bbox 1779 2198 2195 2262; x_wconf 70' lang='lat' dir='ltr'>Benedictus</span> <span class='ocrx_word' id='word_1_132' title='bbox 2225 2200 2413 2262; x_wconf 74' lang='lat' dir='ltr'>Deus</span> <span class='ocrx_word' id='word_1_133' title='bbox 2445 2198 2555 2260; x_wconf 88' lang='lat' dir='ltr'>die</span> <span class='ocrx_word' id='word_1_134' title='bbox 2587 2198 2951 2278; x_wconf 60' lang='lat' dir='ltr'>26j2211ua-</span> 
     </span>
     <span class='ocr_line' id='line_1_19' title="bbox 706 2304 1256 2370; baseline -0.004 0"><span class='ocrx_word' id='word_1_135' title='bbox 706 2306 796 2370; x_wconf 90' lang='lat' dir='ltr'>rii</span> <span class='ocrx_word' id='word_1_136' title='bbox 846 2306 1018 2368; x_wconf 84' lang='lat' dir='ltr'>anni</span> <span class='ocrx_word' id='word_1_137' title='bbox 1062 2304 1256 2368; x_wconf 83' lang='lat'>1564.</span> 
     </span>
    </p>

    <p class='ocr_par' dir='ltr' id='par_1_4' title="bbox 668 2410 2957 4321">
     <span class='ocr_line' id='line_1_20' title="bbox 888 2410 2935 2494; baseline -0.001 -18"><span class='ocrx_word' id='word_1_138' title='bbox 888 2410 1036 2476; x_wconf 74' lang='lat'>125.</span> <span class='ocrx_word' id='word_1_139' title='bbox 1136 2410 1534 2476; x_wconf 85' lang='lat' dir='ltr'>Concilium</span> <span class='ocrx_word' id='word_1_140' title='bbox 1588 2410 2087 2476; x_wconf 86' lang='lat' dir='ltr'>Tridentinum</span> <span class='ocrx_word' id='word_1_141' title='bbox 2115 2414 2279 2492; x_wconf 87' lang='lat' dir='ltr'>jure</span> <span class='ocrx_word' id='word_1_142' title='bbox 2318 2414 2719 2494; x_wconf 87' lang='lat' dir='ltr'>meritoque</span> <span class='ocrx_word' id='word_1_143' title='bbox 2775 2428 2935 2474; x_wconf 88' lang='lat' dir='ltr'>cen-</span> 
     </span>
     <span class='ocr_line' id='line_1_21' title="bbox 668 2518 2951 2601; baseline 0.001 -21"><span class='ocrx_word' id='word_1_144' title='bbox 668 2572 675 2579; x_wconf 97' lang='lat'>.</span> <span class='ocrx_word' id='word_1_145' title='bbox 706 2520 850 2583; x_wconf 89' lang='lat' dir='ltr'>seri</span> <span class='ocrx_word' id='word_1_146' title='bbox 886 2520 1098 2583; x_wconf 89' lang='lat' dir='ltr'>debet</span> <span class='ocrx_word' id='word_1_147' title='bbox 1134 2520 1362 2585; x_wconf 82' lang='lat' dir='ltr'>Veluti</span> <span class='ocrx_word' id='word_1_148' title='bbox 1392 2520 1556 2583; x_wconf 90' lang='lat' dir='ltr'>fons</span> <span class='ocrx_word' id='word_1_149' title='bbox 1586 2520 1923 2601; x_wconf 88' lang='lat' dir='ltr'>proprius</span> <span class='ocrx_word' id='word_1_150' title='bbox 1963 2524 2035 2583; x_wconf 89' lang='lat' dir='ltr'>et</span> <span class='ocrx_word' id='word_1_151' title='bbox 2061 2520 2449 2601; x_wconf 87' lang='lat' dir='ltr'>primarius</span> <span class='ocrx_word' id='word_1_152' title='bbox 2483 2520 2677 2585; x_wconf 83' lang='lat' dir='ltr'>Juris</span> <span class='ocrx_word' id='word_1_153' title='bbox 2713 2518 2951 2583; x_wconf 84' lang='lat' dir='ltr'>novis-</span> 
     </span>
     <span class='ocr_line' id='line_1_22' title="bbox 708 2627 2953 2709; baseline 0 -20"><span class='ocrx_word' id='word_1_154' title='bbox 708 2629 892 2707; x_wconf 84' lang='lat' dir='ltr'>simi3</span> <span class='ocrx_word' id='word_1_155' title='bbox 932 2629 1176 2709; x_wconf 90' lang='lat' dir='ltr'>plures</span> <span class='ocrx_word' id='word_1_156' title='bbox 1226 2629 1420 2691; x_wconf 89' lang='lat' dir='ltr'>enim</span> <span class='ocrx_word' id='word_1_157' title='bbox 1454 2629 1776 2691; x_wconf 88' lang='lat' dir='ltr'>rationes</span> <span class='ocrx_word' id='word_1_158' title='bbox 1813 2647 1945 2709; x_wconf 90' lang='lat' dir='ltr'>pro</span> <span class='ocrx_word' id='word_1_159' title='bbox 1983 2629 2121 2691; x_wconf 89' lang='lat' dir='ltr'>hac</span> <span class='ocrx_word' id='word_1_160' title='bbox 2159 2629 2563 2693; x_wconf 85' lang='lat' dir='ltr'>assertione</span> <span class='ocrx_word' id='word_1_161' title='bbox 2593 2627 2953 2691; x_wconf 87' lang='lat' dir='ltr'>constabi-</span> 
     </span>
     <span class='ocr_line' id='line_1_23' title="bbox 708 2733 2953 2817; baseline -0.001 -18"><span class='ocrx_word' id='word_1_162' title='bbox 708 2735 952 2799; x_wconf 89' lang='lat' dir='ltr'>lienda</span> <span class='ocrx_word' id='word_1_163' title='bbox 1008 2736 1456 2817; x_wconf 85' lang='lat' dir='ltr'>conspirant:</span> <span class='ocrx_word' id='word_1_164' title='bbox 1492 2735 1594 2797; x_wconf 75' lang='grc' dir='ltr'>1.ο</span> <span class='ocrx_word' id='word_1_165' title='bbox 1630 2735 1815 2797; x_wconf 86' lang='lat' dir='ltr'>haee</span> <span class='ocrx_word' id='word_1_166' title='bbox 1871 2733 2137 2799; x_wconf 86' lang='lat' dir='ltr'>Sancta</span> <span class='ocrx_word' id='word_1_167' title='bbox 2175 2735 2509 2817; x_wconf 81' lang='lat' dir='ltr'>Synodus</span> <span class='ocrx_word' id='word_1_168' title='bbox 2547 2737 2621 2797; x_wconf 89' lang='lat' dir='ltr'>in</span> <span class='ocrx_word' id='word_1_169' title='bbox 2675 2739 2953 2797; x_wconf 89' lang='lat' dir='ltr'>restau-</span> 
     </span>
     <span class='ocr_line' id='line_1_24' title="bbox 708 2843 2953 2925; baseline -0.002 -18"><span class='ocrx_word' id='word_1_170' title='bbox 708 2843 938 2907; x_wconf 89' lang='lat' dir='ltr'>randa</span> <span class='ocrx_word' id='word_1_171' title='bbox 972 2843 1354 2925; x_wconf 86' lang='lat' dir='ltr'>disciplina</span> <span class='ocrx_word' id='word_1_172' title='bbox 1398 2861 1490 2905; x_wconf 84' lang='lat' dir='ltr'>ex</span> <span class='ocrx_word' id='word_1_173' title='bbox 1538 2843 1871 2923; x_wconf 90' lang='lat' dir='ltr'>professo</span> <span class='ocrx_word' id='word_1_174' title='bbox 1913 2849 2209 2907; x_wconf 83' lang='lat' dir='ltr'>versata</span> <span class='ocrx_word' id='word_1_175' title='bbox 2247 2847 2381 2923; x_wconf 82' lang='lat' dir='ltr'>est,</span> <span class='ocrx_word' id='word_1_176' title='bbox 2429 2843 2613 2905; x_wconf 86' lang='lat' dir='ltr'>adeo</span> <span class='ocrx_word' id='word_1_177' title='bbox 2653 2845 2729 2905; x_wconf 90' lang='lat' dir='ltr'>ut</span> <span class='ocrx_word' id='word_1_178' title='bbox 2759 2859 2953 2923; x_wconf 86' lang='lat' dir='ltr'>mag-</span> 
     </span>
     <span class='ocr_line' id='line_1_25' title="bbox 708 2949 2951 3031; baseline -0.001 -18"><span class='ocrx_word' id='word_1_179' title='bbox 708 2969 844 3013; x_wconf 90' lang='lat' dir='ltr'>nae</span> <span class='ocrx_word' id='word_1_180' title='bbox 870 2951 1230 3015; x_wconf 87' lang='lat' dir='ltr'>sessiones</span> <span class='ocrx_word' id='word_1_181' title='bbox 1270 2949 1518 3013; x_wconf 84' lang='lat' dir='ltr'>XXIV</span> <span class='ocrx_word' id='word_1_182' title='bbox 1554 2953 1628 3011; x_wconf 92' lang='lat' dir='ltr'>et</span> <span class='ocrx_word' id='word_1_183' title='bbox 1654 2949 1859 3011; x_wconf 85' lang='lat' dir='ltr'>XXV</span> <span class='ocrx_word' id='word_1_184' title='bbox 1895 2949 2165 3029; x_wconf 79' lang='lat' dir='ltr'>duplex</span> <span class='ocrx_word' id='word_1_185' title='bbox 2201 2949 2573 3013; x_wconf 88' lang='lat' dir='ltr'>decretum</span> <span class='ocrx_word' id='word_1_186' title='bbox 2600 2949 2681 3011; x_wconf 78' lang='lat' dir='ltr'>de</span> <span class='ocrx_word' id='word_1_187' title='bbox 2709 2949 2951 3031; x_wconf 77' lang='lat' dir='ltr'>Refor-</span> 
     </span>
     <span class='ocr_line' id='line_1_26' title="bbox 706 3055 2957 3137; baseline -0.003 -14"><span class='ocrx_word' id='word_1_188' title='bbox 706 3059 1002 3123; x_wconf 67' lang='lat' dir='ltr'>matio‘ne</span> <span class='ocrx_word' id='word_1_189' title='bbox 1068 3059 1478 3135; x_wconf 81' lang='lat' dir='ltr'>continent3</span> <span class='ocrx_word' id='word_1_190' title='bbox 1520 3057 1747 3119; x_wconf 88' lang='lat' dir='ltr'>sessio</span> <span class='ocrx_word' id='word_1_191' title='bbox 1814 3055 2083 3135; x_wconf 84' lang='lat' dir='ltr'>XXIV,</span> <span class='ocrx_word' id='word_1_192' title='bbox 2125 3059 2513 3137; x_wconf 87' lang='lat' dir='ltr'>postquam</span> <span class='ocrx_word' id='word_1_193' title='bbox 2551 3055 2957 3119; x_wconf 85' lang='lat' dir='ltr'>doctrinam</span> 
     </span>
     <span class='ocr_line' id='line_1_27' title="bbox 708 3163 2951 3245; baseline -0.002 -18"><span class='ocrx_word' id='word_1_194' title='bbox 708 3165 1194 3245; x_wconf 84' lang='lat' dir='ltr'>dogmaticam</span> <span class='ocrx_word' id='word_1_195' title='bbox 1252 3163 1338 3227; x_wconf 91' lang='lat' dir='ltr'>de</span> <span class='ocrx_word' id='word_1_196' title='bbox 1388 3163 1846 3225; x_wconf 88' lang='lat' dir='ltr'>Matrimonio</span> <span class='ocrx_word' id='word_1_197' title='bbox 1889 3163 2273 3227; x_wconf 90' lang='lat' dir='ltr'>duodecim</span> <span class='ocrx_word' id='word_1_198' title='bbox 2333 3163 2729 3227; x_wconf 87' lang='lat' dir='ltr'>canonibus</span> <span class='ocrx_word' id='word_1_199' title='bbox 2763 3179 2951 3225; x_wconf 89' lang='lat' dir='ltr'>com-</span> 
     </span>
     <span class='ocr_line' id='line_1_28' title="bbox 708 3269 2953 3351; baseline -0.001 -18"><span class='ocrx_word' id='word_1_200' title='bbox 708 3271 966 3351; x_wconf 78' lang='lat' dir='ltr'>plexus</span> <span class='ocrx_word' id='word_1_201' title='bbox 1016 3275 1148 3351; x_wconf 87' lang='lat' dir='ltr'>est,</span> <span class='ocrx_word' id='word_1_202' title='bbox 1182 3273 1578 3333; x_wconf 88' lang='lat' dir='ltr'>tractatum</span> <span class='ocrx_word' id='word_1_203' title='bbox 1614 3269 1841 3331; x_wconf 89' lang='lat' dir='ltr'>edidit</span> <span class='ocrx_word' id='word_1_204' title='bbox 1879 3269 2273 3351; x_wconf 87' lang='lat' dir='ltr'>specialem</span> <span class='ocrx_word' id='word_1_205' title='bbox 2311 3269 2401 3333; x_wconf 88' lang='lat' dir='ltr'>de</span> <span class='ocrx_word' id='word_1_206' title='bbox 2435 3269 2953 3333; x_wconf 85' lang='lat' dir='ltr'>reformatione</span> 
     </span>
     <span class='ocr_line' id='line_1_29' title="bbox 708 3375 2953 3457; baseline -0.001 -16"><span class='ocrx_word' id='word_1_207' title='bbox 708 3377 1148 3441; x_wconf 87' lang='lat' dir='ltr'>matrimonii</span> <span class='ocrx_word' id='word_1_208' title='bbox 1172 3377 1244 3441; x_wconf 87' lang='lat' dir='ltr'>in</span> <span class='ocrx_word' id='word_1_209' title='bbox 1270 3377 1522 3441; x_wconf 89' lang='lat' dir='ltr'>decem</span> <span class='ocrx_word' id='word_1_210' title='bbox 1540 3377 1785 3457; x_wconf 89' lang='lat' dir='ltr'>capita</span> <span class='ocrx_word' id='word_1_211' title='bbox 1807 3375 2211 3457; x_wconf 87' lang='lat' dir='ltr'>redactum;</span> <span class='ocrx_word' id='word_1_212' title='bbox 2245 3377 2505 3441; x_wconf 91' lang='lat' dir='ltr'>deinde</span> <span class='ocrx_word' id='word_1_213' title='bbox 2531 3395 2709 3441; x_wconf 82' lang='lat' dir='ltr'>vero</span> <span class='ocrx_word' id='word_1_214' title='bbox 2733 3377 2953 3439; x_wconf 88' lang='lat' dir='ltr'>aliam</span> 
     </span>
     <span class='ocr_line' id='line_1_30' title="bbox 710 3485 2949 3567; baseline -0.001 -18"><span class='ocrx_word' id='word_1_215' title='bbox 710 3485 1106 3549; x_wconf 83' lang='lat' dir='ltr'>sectionem</span> <span class='ocrx_word' id='word_1_216' title='bbox 1138 3485 1224 3547; x_wconf 91' lang='lat' dir='ltr'>de</span> <span class='ocrx_word' id='word_1_217' title='bbox 1260 3485 1781 3549; x_wconf 88' lang='lat' dir='ltr'>reformatione</span> <span class='ocrx_word' id='word_1_218' title='bbox 1815 3485 1887 3547; x_wconf 91' lang='lat' dir='ltr'>in</span> <span class='ocrx_word' id='word_1_219' title='bbox 1917 3502 2185 3565; x_wconf 87' lang='lat' dir='ltr'>genere</span> <span class='ocrx_word' id='word_1_220' title='bbox 2203 3485 2285 3547; x_wconf 83' lang='lat'>21</span> <span class='ocrx_word' id='word_1_221' title='bbox 2303 3485 2659 3567; x_wconf 85' lang='lat' dir='ltr'>capitibus</span> <span class='ocrx_word' id='word_1_222' title='bbox 2681 3485 2949 3547; x_wconf 84' lang='lat' dir='ltr'>confla-</span> 
     </span>
     <span class='ocr_line' id='line_1_31' title="bbox 710 3593 2951 3673; baseline -0.001 -16"><span class='ocrx_word' id='word_1_223' title='bbox 710 3599 884 3657; x_wconf 85' lang='lat' dir='ltr'>tam:</span> <span class='ocrx_word' id='word_1_224' title='bbox 924 3593 1152 3657; x_wconf 87' lang='lat' dir='ltr'>sessio</span> <span class='ocrx_word' id='word_1_225' title='bbox 1214 3593 1434 3655; x_wconf 89' lang='lat' dir='ltr'>etiam</span> <span class='ocrx_word' id='word_1_226' title='bbox 1478 3593 1709 3673; x_wconf 88' lang='lat' dir='ltr'>XXV,</span> <span class='ocrx_word' id='word_1_227' title='bbox 1743 3597 1907 3673; x_wconf 89' lang='lat' dir='ltr'>post</span> <span class='ocrx_word' id='word_1_228' title='bbox 1973 3593 2269 3657; x_wconf 90' lang='lat' dir='ltr'>decreta</span> <span class='ocrx_word' id='word_1_229' title='bbox 2303 3593 2389 3655; x_wconf 91' lang='lat' dir='ltr'>de</span> <span class='ocrx_word' id='word_1_230' title='bbox 2415 3593 2841 3673; x_wconf 86' lang='lat' dir='ltr'>Purgatorio</span> <span class='ocrx_word' id='word_1_231' title='bbox 2877 3595 2951 3655; x_wconf 88' lang='lat' dir='ltr'>et</span> 
     </span>
     <span class='ocr_line' id='line_1_32' title="bbox 718 3699 2951 3781; baseline -0.002 -16"><span class='ocrx_word' id='word_1_232' title='bbox 718 3703 1194 3765; x_wconf 85' lang='lat' dir='ltr'>veneratione</span> <span class='ocrx_word' id='word_1_233' title='bbox 1242 3699 1695 3780; x_wconf 87' lang='lat' dir='ltr'>Sanctorum,</span> <span class='ocrx_word' id='word_1_234' title='bbox 1751 3701 2085 3765; x_wconf 86' lang='lat' dir='ltr'>bifariam</span> <span class='ocrx_word' id='word_1_235' title='bbox 2149 3701 2519 3765; x_wconf 80' lang='lat' dir='ltr'>dividitur:</span> <span class='ocrx_word' id='word_1_236' title='bbox 2597 3701 2825 3781; x_wconf 77' lang='lat' dir='ltr'>primo</span> <span class='ocrx_word' id='word_1_237' title='bbox 2863 3699 2951 3761; x_wconf 90' lang='lat' dir='ltr'>de</span> 
     </span>
     <span class='ocr_line' id='line_1_33' title="bbox 714 3805 2943 3887; baseline -0.002 -16"><span class='ocrx_word' id='word_1_238' title='bbox 714 3807 1234 3871; x_wconf 84' lang='lat' dir='ltr'>reformatione</span> <span class='ocrx_word' id='word_1_239' title='bbox 1260 3807 1727 3887; x_wconf 87' lang='lat' dir='ltr'>Regularium</span> <span class='ocrx_word' id='word_1_240' title='bbox 1763 3805 1847 3869; x_wconf 78' lang='lat'>22</span> <span class='ocrx_word' id='word_1_241' title='bbox 1883 3807 2241 3887; x_wconf 87' lang='lat' dir='ltr'>capitibus</span> <span class='ocrx_word' id='word_1_242' title='bbox 2277 3807 2589 3885; x_wconf 88' lang='lat' dir='ltr'>disserit,</span> <span class='ocrx_word' id='word_1_243' title='bbox 2627 3805 2943 3869; x_wconf 83' lang='lat' dir='ltr'>secundo</span> 
     </span>
     <span class='ocr_line' id='line_1_34' title="bbox 710 3903 2945 3995; baseline 0 -18"><span class='ocrx_word' id='word_1_244' title='bbox 710 3913 798 3977; x_wconf 90' lang='lat' dir='ltr'>de</span> <span class='ocrx_word' id='word_1_245' title='bbox 830 3903 1352 3977; x_wconf 81' lang='lat' dir='ltr'>reformatione</span> <span class='ocrx_word' id='word_1_246' title='bbox 1386 3913 1458 3975; x_wconf 92' lang='lat' dir='ltr'>in</span> <span class='ocrx_word' id='word_1_247' title='bbox 1498 3931 1767 3993; x_wconf 87' lang='lat' dir='ltr'>genere</span> <span class='ocrx_word' id='word_1_248' title='bbox 1801 3913 1963 3975; x_wconf 88' lang='lat' dir='ltr'>aliis</span> <span class='ocrx_word' id='word_1_249' title='bbox 1999 3913 2079 3975; x_wconf 83' lang='lat'>21</span> <span class='ocrx_word' id='word_1_250' title='bbox 2113 3913 2471 3995; x_wconf 89' lang='lat' dir='ltr'>capitibus</span> <span class='ocrx_word' id='word_1_251' title='bbox 2519 3917 2945 3995; x_wconf 86' lang='lat' dir='ltr'>pertractat.</span> 
     </span>
     <span class='ocr_line' id='line_1_35' title="bbox 708 4019 2939 4105; baseline 0 -20"><span class='ocrx_word' id='word_1_252' title='bbox 708 4023 812 4085; x_wconf 79' lang='lat'>2.⁰</span> <span class='ocrx_word' id='word_1_253' title='bbox 848 4021 1216 4101; x_wconf 85' lang='lat' dir='ltr'>Ejusmodi</span> <span class='ocrx_word' id='word_1_254' title='bbox 1268 4019 1669 4085; x_wconf 84' lang='lat' dir='ltr'>Concilium</span> <span class='ocrx_word' id='word_1_255' title='bbox 1703 4039 1847 4083; x_wconf 92' lang='lat' dir='ltr'>non</span> <span class='ocrx_word' id='word_1_256' title='bbox 1897 4021 2131 4085; x_wconf 89' lang='lat' dir='ltr'>solum</span> <span class='ocrx_word' id='word_1_257' title='bbox 2159 4041 2427 4089; x_wconf 79' lang='lat' dir='ltr'>novam</span> <span class='ocrx_word' id='word_1_258' title='bbox 2457 4023 2939 4105; x_wconf 86' lang='lat' dir='ltr'>disciplinam,</span> 
     </span>
     <span class='ocr_line' id='line_1_36' title="bbox 706 4128 2951 4213; baseline 0.001 -22"><span class='ocrx_word' id='word_1_259' title='bbox 706 4129 844 4191; x_wconf 89' lang='lat' dir='ltr'>hoc</span> <span class='ocrx_word' id='word_1_260' title='bbox 878 4133 1008 4207; x_wconf 87' lang='lat' dir='ltr'>est,</span> <span class='ocrx_word' id='word_1_261' title='bbox 1041 4129 1158 4209; x_wconf 88' lang='lat' dir='ltr'>jus</span> <span class='ocrx_word' id='word_1_262' title='bbox 1208 4128 1703 4191; x_wconf 88' lang='lat' dir='ltr'>Decretalium</span> <span class='ocrx_word' id='word_1_263' title='bbox 1761 4129 1997 4209; x_wconf 89' lang='lat' dir='ltr'>quoad</span> <span class='ocrx_word' id='word_1_264' title='bbox 2049 4131 2259 4211; x_wconf 86' lang='lat' dir='ltr'>plura</span> <span class='ocrx_word' id='word_1_265' title='bbox 2317 4131 2563 4213; x_wconf 89' lang='lat' dir='ltr'>capita</span> <span class='ocrx_word' id='word_1_266' title='bbox 2609 4129 2951 4193; x_wconf 71' lang='lat' dir='ltr'>&#39;immuta-</span> 
     </span>
     <span class='ocr_line' id='line_1_37' title="bbox 708 4235 2949 4321; baseline 0 -20"><span class='ocrx_word' id='word_1_267' title='bbox 708 4235 840 4317; x_wconf 82' lang='lat' dir='ltr'>vit,</span> <span class='ocrx_word' id='word_1_268' title='bbox 880 4253 1134 4301; x_wconf 82' lang='lat' dir='ltr'>verum</span> <span class='ocrx_word' id='word_1_269' title='bbox 1170 4235 1390 4299; x_wconf 89' lang='lat' dir='ltr'>etiam</span> <span class='ocrx_word' id='word_1_270' title='bbox 1450 4235 1717 4319; x_wconf 88' lang='lat' dir='ltr'>optimo</span> <span class='ocrx_word' id='word_1_271' title='bbox 1779 4235 2079 4299; x_wconf 86' lang='lat' dir='ltr'>consilio</span> <span class='ocrx_word' id='word_1_272' title='bbox 2139 4237 2621 4321; x_wconf 86' lang='lat' dir='ltr'>prudentique</span> <span class='ocrx_word' id='word_1_273' title='bbox 2670 4237 2949 4317; x_wconf 88' lang='lat' dir='ltr'>judicio</span> 
     </span>
    </p>
   </div>
   <div class='ocr_carea' id='block_1_3' title="bbox 2748 4907 2914 4977">
    <p class='ocr_par' dir='ltr' id='par_1_5' title="bbox 2748 4907 2914 4977">
     <span class='ocr_line' id='line_1_38' title="bbox 2748 4907 2914 4977; baseline 0 0"><span class='ocrx_word' id='word_1_274' title='bbox 2748 4942 2757 4963; x_wconf 76' lang='lat'>‚</span> <span class='ocrx_word' id='word_1_275' title='bbox 2836 4907 2914 4977; x_wconf 64' lang='lat' dir='ltr'>le</span> 
     </span>
    </p>
   </div>
   <div class='ocr_carea' id='block_1_4' title="bbox 3277 4103 3286 5065">
    <p class='ocr_par' dir='ltr' id='par_1_6' title="bbox 3277 4103 3286 5065">
     <span class='ocr_line' id='line_1_39' title="bbox 3277 4103 3286 5065; baseline 0 0"><span class='ocrx_word' id='word_1_276' title='bbox 3277 4103 3286 5065; x_wconf 95' lang='lat' dir='ltr'> </span> 
     </span>
    </p>
   </div>
  </div>
 </body>
</html>
