3332 5100
1292 339 1607 396 „13-

322 483 790 566 municipale,
860 481 1017 547 sive
1076 482 1387 564 poenale
1445 483 1518 546 in
1580 481 2010 548 collectione
2066 481 2304 564 legum
2357 482 2572 547 situm

323 595 458 657 est.
488 591 798 656 Additur
824 610 1157 654 canonum
1192 591 1335 654 sive
1362 591 1581 675 leyam
1616 589 1711 652 ad
1747 588 2155 653 uberiorem
2183 588 2288 653 rei
2323 591 2569 672 expla-

320 699 726 779 nationem,
762 714 1050 778 nempe,
1114 700 1193 760 ut
1240 691 1688 779 significetur
1752 714 2069 762 canones
2125 714 2271 761 non
2333 715 2573 762 meras

322 807 621 890 regulas
656 823 842 888 esse,
882 823 1186 886 quarum
1210 805 1324 869 vis
1354 805 1583 868 omnis
1610 807 1686 868 in
1709 804 2078 869 suadendo
2111 807 2184 869 et
2216 805 2571 870 monendo

244 904 259 916 ’
324 913 569 996 posita
630 914 764 994 sit,
826 911 954 976 sed
1014 912 1217 994 leges
1276 911 1571 994 proprie
1628 911 1859 976 dictas
1883 961 1900 994 ‚
1963 911 2221 994 quibus
2288 915 2576 995 oportet

327 1021 862 1101 obtemperare.
930 1019 1239 1101 Reliqua
1302 1018 1739 1083 definitionis
1805 1019 2036 1083 verba
2099 1021 2574 1105 differentiam

326 1127 767 1210 exprimunt:
794 1133 975 1190 'nam
1007 1125 1416 1207 hujusmodi
1465 1125 1696 1190 verba
1738 1126 1962 1212 fidem,
1989 1147 2212 1191 mores
2261 1133 2324 1191 et
2369 1127 2574 1190 disci-

314 1237 598 1320 plinam
631 1235 1089 1320 spectantium
1123 1235 1503 1298 declarant
1543 1234 1686 1298 tria
1732 1234 1916 1297 haec
1976 1234 2339 1315 objectum
2388 1250 2572 1316 esse,

324 1342 401 1406 in
435 1359 577 1424 quo
613 1340 655 1404 J
663 1358 743 1405 us
778 1338 1220 1406 Canonicum
1258 1347 1619 1422 versatum
1658 1359 1905 1406 omnes
1941 1343 2208 1424 quippe
2246 1340 2576 1406 Canones

326 1450 452 1514 vel
484 1448 577 1512 ad
610 1448 775 1512 fidei
811 1449 1177 1531 dogmata,
1222 1451 1340 1513 vel
1376 1449 1469 1513 ad
1516 1467 1795 1512 morum
1853 1454 2275 1533 praecepta,
2329 1451 2450 1513 vel
2487 1449 2579 1513 ad

329 1555 763 1637 disciplinae
796 1556 997 1636 leges
1028 1556 1416 1638 pertinent.
1458 1555 1816 1636 Adjicitur
1852 1576 2022 1638 quae
2055 1557 2139 1620 ab
2175 1556 2578 1620 ecclesiasti-

328 1682 410 1726 ca
433 1668 776 1746 potestate
812 1661 906 1724 ad
939 1661 1463 1725 secernendum
1495 1661 1539 1725 J
1546 1679 1625 1726 us
1664 1659 2105 1725 Canonicum
2151 1661 2241 1724 ab
2278 1661 2440 1724 aliis
2467 1660 2576 1741 ju-

327 1768 555 1849 ribuS‚
590 1786 739 1832 non
772 1768 1005 1833 solum
1044 1767 1327 1832 ratione
1386 1768 1677 1850 objecti,
1708 1785 1964 1832 verum
2021 1767 2240 1832 etiam
2296 1767 2580 1830 ratione

328 1875 715 1959 potestatis
748 1893 875 1939 seu
912 1875 1237 1958 originiS,
1276 1876 1466 1940 unde
1527 1879 1797 1956 manat,
1861 1875 2214 1957 siquidem
2263 1890 2580 1938 canones

328 1983 777 2048 solummodo
812 1982 1125 2066 condere
1178 1983 1641 2064 possuntilli‚
1706 1983 1828 2066 qui
1874 1985 1993 2064 jus
2046 1982 2455 2064 imperandi
2508 1983 2582 2046 in

331 2091 667 2156 Ecclesia
700 2091 792 2154 ab
827 2091 983 2172 ipso
1022 2089 1304 2156 Christo
1344 2096 1812 2173 acceperunt.
1873 2091 2011 2155 Per
2065 2091 2246 2154 illud
2278 2090 2582 2155 verbum

332 2198 735 2264 christianis
802 2199 1223 2280 designatur
1291 2198 1335 2262 J
1340 2199 1487 2262 uris
1555 2196 1902 2264 Canonici
1965 2199 2394 2280 subjectum3
2448 2197 2584 2262 soli

335 2307 527 2371 enim
561 2306 939 2370 christiani
974 2305 1489 2370 Ecclesiastico
1540 2305 1584 2369 J
1590 2307 1701 2370 uri
1759 2306 2240 2388 subjiciuntur
2286 2324 2416 2388 per
2449 2305 2581 2369 Ba-

333 2415 580 2496 ptismi
608 2414 1101 2496 receptionem
1130 2418 1203 2478 et
1230 2414 1794 2497 adscriptionem
1819 2415 1892 2478 in
1916 2414 2580 2478 Ecclesiam.Usur-

330 2524 603 2605 pantur
638 2521 923 2586 demum
956 2521 1140 2586 haec
1173 2523 1585 2605 posteriora
1643 2521 1875 2588 verba
1929 2523 2034 2587 vel
2075 2523 2582 2607 praescriptae,

332 2632 441 2696 vel
486 2632 892 2715 propositae
951 2638 1109 2695 sunt
1164 2631 1257 2694 ad
1318 2630 1924 2695 discriminandas
1987 2630 2188 2711 leges
2238 2630 2585 2713 positivas

335 2756 517 2821 quas
551 2737 884 2805 Ecclesia
918 2756 1049 2819 pro
1086 2739 1454 2803 varietate
1501 2739 1851 2819 locorum,
1891 2740 2292 2819 temporum
2321 2738 2393 2799 et
2426 2752 2584 2817 per-

334 2862 680 2909 sonarum
715 2846 1032 2910 condere
1062 2865 1147 2913 ac
1180 2847 1710 2928 praescribere,
1764 2847 1886 2911 vel
1945 2848 2162 2910 etiam
2197 2851 2477 2908 mutare
2514 2848 2588 2907 et

336 2953 701 3034 abrogare
737 2956 976 3035 potest
1011 2973 1053 3016 a
1088 2954 1370 3036 legibus
1415 2954 1716 3019 alterius
1750 2955 2063 3037 generisi,
2096 2971 2298 3035 quae,
2337 2955 2587 3034 utpote
2681 3036 2684 3043 Ι

336 3080 380 3124 a
404 3062 570 3142 Jure
604 3062 925 3125 naturali
974 3068 1099 3127 aut
1158 3064 1404 3128 divino
1463 3064 2008 3147 provenienteS,
2069 3062 2398 3127 Ecclesia
2457 3078 2588 3125 sua

336 3168 775 3233 auctoritate
800 3172 1165 3252 proponit,
1198 3171 1319 3236 vel
1348 3172 1696 3253 explicat,
1731 3170 1858 3235 scd
1891 3190 2014 3235 eas
2048 3172 2428 3235 immutare
2464 3173 2590 3234 aut

337 3276 695 3358 derogare
753 3278 1025 3361 nequit,
1064 3280 1233 3361 quia
1259 3283 1660 3362 perpetuae
1688 3284 1762 3343 et
1786 3280 2086 3345 stabiles
2115 3296 2403 3361 semper
2440 3297 2584 3342 ma-

336 3387 639 3451 nebunt.

520 3493 627 3557 17.
725 3491 900 3559 Oum
934 3494 1009 3558 in
1041 3495 1380 3577 praefata
1414 3493 1830 3559 definitione
1859 3494 1947 3559 de
1977 3481 2184 3577 fidei)
2211 3512 2490 3559 morum
2519 3496 2592 3557 et

338 3602 770 3683 disciplinae
805 3602 1203 3667 canonibus
1258 3602 1529 3667 mentio
1580 3602 1731 3684 fiat,
1785 3603 2060 3685 aliquid
2117 3620 2442 3666 seorsum
2501 3600 2590 3665 de

334 3709 476 3774 hoc
506 3709 778 3791 triplici
811 3728 1168 3775 canonum
1202 3727 1470 3797 genere
1506 3708 1890 3775 dicendum
1927 3711 2154 3775 venit.

518 3814 850 3879 Canones
886 3816 1053 3881 fidei
1081 3835 1209 3881 seu
1245 3816 1639 3899 dogmatici
1673 3821 2032 3881 vocantur
2082 3818 2192 3881 illi
2240 3818 2315 3881 in
2351 3818 2591 3901 quibus

336 3924 611 4007 aliquid
646 3924 1055 3988 credendam
1080 3924 1524 4009 proponitur.
1560 3922 1673 3987 Ad
1707 3941 2062 3987 canonem
2103 3924 2591 4006 dogmaticum

338 4030 923 4096 constituendum
948 4031 1085 4095 duo
1113 4032 1604 4114 requiruntur,
1632 4031 1940 4115 scilicet,
1972 4032 2330 4098 revelatio
2359 4052 2402 4097 a
2435 4032 2589 4097 Deo

335 4138 563 4219 facta,
604 4139 676 4201 et
707 4136 1083 4201 Ecclesiae
1110 4138 1537 4220 propositiO.

515 4243 724 4309 Nunc
756 4260 959 4325 vere,
999 4243 1271 4307 cumin
1307 4242 1629 4326 Corpore
1691 4243 1888 4310 Juris
1947 4246 2097 4311 sint
2151 4262 2469 4313 canones
2520 4248 2594 4311 in
