3332 5100
1736 365 2088 425 —286—

795 507 932 593 ria,
1002 509 1292 593 aliaque
1357 508 1703 574 mendosa
1768 510 2036 592 capita,
2116 510 2374 592 quibus
2438 510 2831 574 Decretum
2897 510 3041 574 hoc

795 620 1054 696 scatet,
1093 615 1408 680 nondum
1443 621 1821 698 comperta
1846 626 2080 696 erant3
2114 618 2382 680 idcirco
2422 616 2861 680 credendum
2893 638 3041 682 non

785 725 910 817 'est
935 723 1223 788 scholas
1258 730 1330 787 et
1362 723 1624 802 forum,
1662 725 1805 787 imo
1841 742 2020 790 vero
2058 726 2418 788 Romanos
2476 742 2763 804 quoque
2797 724 3041 788 Ponti-

793 817 964 895 fi'ces
1005 848 1092 894 ea
1126 831 1503 895 voluntate
1537 831 1853 895 Decreto
1906 850 2070 896 usos
2108 850 2290 908 esse,
2344 838 2420 894 ut
2454 832 2783 894 omnibus
2819 834 3039 896 indis-

794 937 1230 1002 criminatim
1263 937 1337 1001 in
1373 955 1456 1002 eo
1499 939 1864 1019 congestis
1903 939 2046 1003 vim
2106 938 2286 1020 legis
2322 940 2875 1004 ecclesiasticae
2911 940 3039 1002 tri-

793 1042 1125 1118 buerent,
1165 1061 1325 1108 cum
1359 1042 1538 1107 nihil
1570 1045 1801 1126 magis
1850 1044 2038 1109 obsit
2086 1046 2504 1126 consensui,
2546 1064 2765 1128 quam
2799 1064 3033 1110 error:

792 1147 897 1213 2.⁰
930 1148 1019 1213 de
1052 1149 1426 1214 sanctione
1460 1150 1684 1231 legali
1712 1149 2007 1215 Decreti
2038 1152 2326 1214 minime
2356 1156 2666 1232 constat3
2697 1170 2867 1214 nam
2897 1154 3035 1216 duo

791 1257 1098 1322 Romani
1145 1257 1533 1323 Pontifices
1589 1258 1771 1322 illud
1825 1260 2140 1340 probare
2200 1260 2697 1322 tantummodo
2729 1266 3039 1342 potuere

793 1364 1143 1429 videlicet
1175 1363 1542 1446 Eugenius
1582 1364 1717 1446 III,
1772 1365 1903 1430 sub
1956 1368 2160 1446 cujus
2211 1368 2640 1448 pontificatu
2699 1364 3041 1430 Gratiani

793 1489 973 1553 opus
1009 1471 1279 1535 editum
1310 1471 1470 1552 fuit,
1511 1476 1582 1535 et
1641 1470 2038 1555 Gregorius
2076 1474 2280 1554 XIII,
2344 1474 2464 1554 qui
2500 1472 3039 1538 Constitutione

795 1596 1018 1660 supra
1045 1577 1343 1642 laudata
1373 1577 1767 1643 Decretum
1801 1598 1846 1642 a
1878 1582 2156 1644 mendis
2200 1586 2683 1662 expurgatum
2717 1582 3037 1662 promul-

791 1687 1020 1772 gavit.
1068 1749 1077 1758 ,

968 1793 1125 1857 Iam
1157 1811 1337 1858 vero
1378 1792 1466 1857 de
1501 1793 1929 1875 Eugeniana
1988 1794 2516 1876 approbatione
2558 1814 2739 1858 unus
2799 1800 2873 1860 et
2929 1814 3037 1860 so-

791 1900 901 1965 lus
936 1901 1372 1966 Trithemius
1408 1901 1612 1965 testis
1643 1906 1777 1982 est,
1808 1900 1936 1964 sed
1963 1901 2118 1982 ejus
2158 1902 2644 1966 testimonium
2681 1920 2723 1964 a
2759 1902 3035 1966 criticis

789 2009 1010 2095 plane
1047 2009 1397 2090 rejicitur,
1437 2013 1829 2090 propterea
1862 2009 2052 2090 quod
2086 2010 2358 2072 caeteri
2392 2010 2789 2090 scriptores
2827 2026 3035 2072 coae-

790 2116 868 2181 vi
903 2120 1028 2179 aut
1059 2115 1488 2196 superstites
1522 2115 1732 2196 hujus
1771 2115 2320 2197 approbationis
2358 2134 2502 2178 non
2544 2118 3031 2198 meminerint,

790 2241 927 2287 nec
964 2223 1187 2286 ullum
1225 2223 1420 2286 illius
1458 2223 1845 2304 vestigium
1875 2223 1947 2286 in
1975 2224 2288 2304 scriptiS,
2322 2224 2881 2304 allegationibus
2911 2226 3037 2288 vel

792 2330 1164 2395 veteribus
1224 2329 1764 2411 exemplaribus
1826 2328 1920 2393 ad
1954 2347 2084 2392 nos
2132 2348 2358 2412 usque
2414 2332 2861 2422 pervenerit.
2899 2332 3033 2394 Fa-

789 2440 1025 2503 temur
1079 2436 1414 2520 equidem
1470 2435 1872 2518 Eugenium
1928 2435 2036 2501 III
2094 2438 2520 2500 facultatem
2582 2438 2891 2518 dedisse,
2957 2442 3039 2502 ut

791 2542 1128 2611 Gratiani
1163 2544 1496 2609 collectio
1531 2544 1822 2627 publice
1856 2547 2086 2627 possit
2118 2545 2266 2627 legi
2320 2557 2390 2609 et
2426 2547 2807 2627 explicari,
2867 2565 3033 2629 pro-

792 2655 893 2717 uti
927 2655 1002 2717 in
1030 2651 1425 2735 Gymnasio
1456 2653 1895 2717 Bononiensi
1923 2653 2250 2733 contigit,
2282 2653 2410 2715 sed
2444 2671 2791 2735 negamus
2821 2671 3033 2735 prae-

791 2762 1073 2842 cepisse
1127 2761 1265 2825 hoc
1298 2760 1456 2825 fieri
1512 2761 1635 2826 vel
1668 2774 1802 2824 sua
1835 2761 2276 2824 auctoritate
2328 2761 2719 2825 Decretum
2775 2763 3033 2825 confir-

790 2887 1052 2933 masse.

966 2977 1077 3041 Ad
1107 2976 1636 3060 Gregorianam
1672 2977 2278 3060 approbationem
2332 2979 2524 3059 quod
2578 2979 2867 3059 attinet,
2911 2995 3033 3041 ex-

788 3086 1151 3168 ploratum
1187 3084 1379 3168 apud
1416 3103 1664 3150 omnes
1699 3093 1808 3151 est
1843 3084 2273 3168 Gregorium
2310 3087 2488 3149 XIII
2524 3087 2841 3149 maxima
2875 3087 3033 3149 dili-

789 3192 1039 3273 gentia
1071 3210 1490 3275 summoque
1517 3192 1754 3257 studio
1792 3211 2110 3275 curasse,
2174 3195 2366 3275 quod
2422 3195 2679 3275 aperte
2715 3195 2787 3257 in
2821 3213 3031 3275 prae-

790 3299 958 3364 fatis
1022 3301 1168 3365 suis
1231 3301 1527 3365 Litteris
1596 3302 2029 3383 declaravit,
2094 3308 2170 3365 ut
2238 3301 2572 3367 Gratiani
2636 3303 3033 3365 Decretum

790 3413 1205 3489 correptum
1225 3412 1298 3471 et
1319 3409 1780 3472 emendatum
1803 3409 1890 3473 de
1910 3428 2100 3474 novo
2124 3411 2574 3491 vulgaretur,
2606 3411 2733 3473 sed
2755 3411 3033 3473 nullum

788 3532 1086 3599 prorsus
1123 3516 1426 3602 verbum
1462 3518 1752 3598 fecisse,
1791 3535 1883 3581 ex
1912 3535 2050 3599 quo
2120 3523 2514 3597 constaret,
2576 3519 2755 3579 illud
2809 3519 3033 3579 etiam

788 3622 1228 3688 auctoritate
1262 3624 1487 3706 legali
1522 3624 1936 3688 donavisse.
1999 3622 2290 3688 Certum
2346 3625 2566 3705 igitur
2604 3631 2713 3689 est
2763 3625 3031 3689 Decre-

787 3738 938 3808 tum
994 3731 1455 3796 emendatum
1512 3751 1557 3795 a
1613 3730 1967 3814 Gregorio
2025 3733 2270 3815 fuisse,
2332 3751 2478 3795 non
2516 3733 3029 3815 approbatum,

788 3857 923 3904 nec
961 3830 1460 3903 authenticum
1496 3838 1975 3903 declaratum.

964 3944 1069 4010 3}
1159 3946 1320 4011 Non
1354 3946 1614 4011 desunt
1643 3947 1768 4009 alii
1808 3947 1929 4029 qui
1984 3962 2146 4009 cum
2204 3945 2526 4011 Camillis
2582 3945 3033 4011 contendunt

787 4051 1001 4134 plura
1028 4058 1495 4117 monumenta
1529 4054 1605 4117 in
1661 4052 1978 4117 Decreto
2036 4055 2384 4135 allegata,
2446 4073 2632 4135 quae
2689 4060 3033 4135 respectu

791 4158 1079 4221 critices
1112 4164 1364 4224 tantae
1397 4178 1541 4224 non
1578 4165 1746 4225 sunt
1797 4163 2278 4243 auctoritatiS,
2335 4180 2464 4223 usu
2502 4163 2620 4225 vel
2656 4163 2869 4243 praxi
2907 4169 3036 4225 aut

790 4267 865 4330 vi
900 4267 1467 4352 consuetudiniS,
1505 4288 1649 4335 non
1688 4270 2036 4353 explicita
2088 4273 2618 4353 approbatione
2646 4271 3033 4335 ecclesias-

2800 4844 3291 5057 ..—l
