3332 5100
1679 307 2033 365 -192-

921 451 1073 516 170.
1172 450 1664 516 Memorantur
1699 450 1989 515 tande-m
2023 453 2211 515 inter
2265 451 2309 517 J
2315 453 2459 515 uris
2507 453 2982 535 particularis

739 561 976 625 fontes
1008 560 1241 643 Leges
1270 560 1549 624 civiles:
1589 566 2013 623 extraneum
2053 561 2381 641 equidem
2415 563 2840 643 cuicumque
2880 563 2982 625 vi-

740 667 1024 732 debitur
1060 668 1205 732 vim
1264 668 1815 746 ecclesiasticae
1879 669 2059 748 legis
2125 670 2445 732 tribuere
2509 672 2798 732 statutis
2860 672 2984 732 vel

741 774 1317 838 ordinationibus
1345 793 1388 837 a
1422 780 1786 857 potestate
1819 776 2179 838 saeculari
2223 776 2459 854 editis,
2497 778 2624 838 sed
2660 778 2982 842 animad-

739 887 1032 947 vertere
1060 888 1346 964 oportet
1407 900 1538 946 nos
1600 881 1690 945 de
1754 882 2035 961 legibus
2089 884 2521 946 concordatis
2577 884 2694 946 hic
2752 886 2978 966 loqui,

739 988 813 1052 id
848 994 982 1069 est,
1024 989 1111 1053 de
1147 989 1737 1071 dispositionibus
1771 989 2027 1052 tuitivo
2087 992 2251 1068 fine,
2319 998 2561 1054 mutuo
2624 1010 2982 1056 consensu

740 1100 865 1160 aut
897 1097 1331 1160 auctoritate
1367 1096 1781 1177 delegataa
1835 1094 2287 1176 Principibus
2343 1096 2415 1158 in
2475 1098 2784 1160 materia
2842 1098 2980 1160 dis-

739 1204 1076 1287 ciplinari
1110 1204 1298 1267 latis.

917 1312 1008 1376 Et
1034 1314 1238 1389 sane,
1279 1310 1652 1392 Principes
1688 1311 2104 1373 saeculares
2139 1310 2259 1373 vel
2287 1308 2616 1389 Supremi
2672 1310 2980 1372 societa-

740 1419 831 1482 tis
888 1419 1125 1483 civilis
1186 1420 1654 1501 Magistratus
1721 1417 1922 1499 leges
1978 1417 2172 1480 ferre
2238 1422 2542 1499 possunt
2603 1416 2804 1479 circa
2865 1434 2982 1480 res

741 1526 1282 1590 ecclesiasticas
1319 1525 1588 1608 triplici
1623 1525 1859 1603 titulo,
1902 1524 2272 1605 videlicet,
2296 1524 2777 1609 protectionis,
2826 1545 2985 1609 qra-

741 1634 877 1698 tiae
910 1651 1036 1697 seu
1072 1634 1527 1699 concessionis
1566 1638 1637 1695 et
1671 1633 2098 1696 concordiae.

920 1740 1071 1805 171.
1171 1739 1272 1805 1.ο
1308 1740 1615 1804 Possunt
1649 1739 1883 1819 Reges
1919 1744 1989 1801 et
2022 1736 2400 1819 Principes
2434 1737 2636 1819 leges
2670 1736 2866 1802 ferre
2901 1737 2986 1802 ti-

738 1848 888 1912 tulo
914 1849 1390 1933 protectionic,
1427 1847 1565 1911 hoc
1599 1853 1733 1927 est,
1772 1844 2178 1910 Ecclesiam
2213 1844 2461 1909 tuendi
2494 1844 2760 1927 gratia.
2825 1844 2986 1910 Hac

741 1957 1065 2039 piissima
1081 1963 1318 2021 mente
1336 1961 1410 2020 et
1433 1956 1881 2020 nobilissimo
1903 1954 2204 2018 consilio
2233 1971 2278 2016 a
2296 1950 2771 2017 Constantino
2788 1951 2983 2035 Mag-

741 2080 833 2126 no
896 2062 1388 2145 Imperatores
1447 2060 1842 2126 Christiani
1908 2061 2218 2143 primum
2283 2061 2356 2123 et
2421 2066 2680 2141 postea
2740 2064 2986 2123 tractu

741 2170 1197 2234 saeculorum
1255 2169 1598 2233 catholici
1664 2168 2039 2251 Principes
2090 2167 2336 2249 plures
2401 2166 2602 2248 leges
2665 2166 2984 2231 condere

744 2281 961 2360 atque
997 2278 1071 2340 in
1105 2278 1433 2359 publicos
1470 2274 1773 2340 Codices
1805 2276 2132 2339 inserere
2180 2274 2623 2339 festinarunt
2677 2292 2808 2356 pro
2868 2275 2983 2354 ju-

741 2386 938 2450 ribus
974 2384 1348 2449 Ecclesiae
1382 2389 1453 2449 et
1490 2384 1722 2448 sacris
1757 2384 1913 2464 ejns
1964 2382 2536 2447 immunitatibus
2569 2381 2984 2470 sanciendis

741 2492 1366 2577 vindicandisque,
1419 2492 1623 2574 cujus
1690 2491 1978 2575 quidem
2041 2490 2150 2555 rei
2212 2489 2420 2554 nobis
2478 2489 2988 2554 ineluctabilia

742 2602 1155 2667 testimonia
1189 2602 1545 2684 praebent
1577 2598 1880 2665 Codices
1931 2597 2476 2663 Theodosianus
2509 2601 2585 2662 et
2616 2595 2984 2661 ‘Justinia-

741 2709 1331 2787 neuS‚Novellae
1382 2708 1648 2773 Leonis
1709 2711 2186 2789 cognomento
2251 2705 2673 2789 Philosophi,
2730 2709 2804 2768 et
2857 2704 2984 2769 Ca·

742 2817 1087 2900 pitularia
1146 2814 1389 2880 Caroli
1466 2815 1735 2896 Magni.
1807 2813 1949 2878 Sed
2015 2819 2093 2877 ut
2155 2813 2565 2892 hujusmodi
2626 2813 2986 2895 protectio

741 2924 1156 3006 Principum
1212 2924 1352 2988 rite
1410 2923 1864 3004 intelligatur
1940 2926 2012 2985 et
2077 2920 2269 3003 quod
2330 2921 2778 3000 potissimum
2845 2925 2982 3004 est,

740 3032 1009 3096 rectius
1053 3031 1427 3095 Ecclesiae
1479 3035 1917 3112 praestetur,
1965 3029 2107 3092 tria
2168 3029 2243 3092 in
2308 3029 2564 3094 eadem
2622 3030 2988 3112 inspicere

742 3157 832 3203 ac
868 3139 1351 3202 determinare
1386 3137 1750 3219 debemUS,
1786 3136 2093 3219 scilicet,
2129 3144 2483 3221 naturam,
2525 3139 2986 3203 extensionem

743 3251 962 3330 atque
995 3248 1423 3312 eaeercitium.

922 3353 1174 3434 Quoad
1202 3361 1532 3419 naturam
1556 3354 1601 3418 J
1610 3353 1990 3418 anseniani
2018 3356 2091 3418 et
2132 3353 2573 3436 Regalistae,
2609 3353 2699 3417 ad
2755 3355 2986 3419 eccle-

743 3462 1114 3527 siasticam
1172 3460 1657 3544 disciplinam,
1721 3466 1794 3526 et
1825 3464 2203 3525 externam
2268 3461 2597 3542 politiam
2639 3463 2988 3543 potestati

743 3569 1106 3634 saeculari
1142 3569 1694 3652 subjiciendam,
1738 3568 2184 3633 contendunt
2207 3567 2521 3649 Regibus
2571 3573 2641 3631 et
2695 3569 2986 3631 summis

744 3678 1118 3742 societatis
1183 3676 1725 3758 Imperantibus
1796 3694 1955 3741 esse
2009 3677 2153 3757 JuS,
2222 3693 2366 3739 non
2430 3693 2605 3740 vero
2675 3677 2988 3739 officium

744 3776 1150 3850 Ecclesiam
1183 3785 1456 3866 tuendi;
1520 3803 1651 3848 nos
1719 3789 1961 3848 autem
2012 3783 2402 3847 asserimus
2453 3787 2523 3846 et
2579 3801 2986 3865 propugna-

745 3909 900 3956 mus
935 3891 1124 3955 hanc
1180 3891 1608 3955 Praesidum
1646 3895 1719 3954 et
1753 3890 2337 3972 -Magistratuum
2393 3891 2990 3971 praerogativam

748 4000 988 4081 potius
1024 4017 1240 4080 quam
1271 4000 1389 4080 jus
1426 4000 1740 4064 officium
1778 4017 1962 4080 esse,
2001 4002 2074 4063 et
2107 3998 2394 4081 quidem
2422 3999 2994 4063 sacratissimum

747 4111 821 4170 et
858 4107 1590 4188 praestantissimum.
1629 4106 1818 4172 Side
1843 4107 2290 4189 principibus
2318 4105 2693 4170 catholicis
2729 4113 2992 4188 agatur

749 4211 1107 4294 ejusmodi
1142 4215 1491 4296 obligatio
1532 4214 1710 4297 ipsis
1736 4213 2109 4278 incumbit:
2152 4214 2253 4278 ;[,0
2315 4213 2485 4294 quia
2515 4218 2681 4278 suut
2743 4214 2994 4278 Eccle-
