3332 5100
1611 367 1970 427 —136-

848 511 1056 577 Hanc
1112 513 1439 595 equidem
1498 511 1805 577 Romani
1864 512 2235 577 Pontificis
2301 515 2740 593 potestatem
2792 531 2906 577 ca-

671 619 924 685 tholici
960 639 1204 685 omnes
1240 638 1527 703 semper
1560 629 2043 702 agnoverunt,
2085 623 2425 703 factoque
2485 623 2910 703 comproba-

671 733 820 791 tum
858 735 988 807 est;
1050 729 1314 791 etenim
1371 728 1614 791 omnia
1669 728 2045 809 generalia
2101 727 2425 791 Concilia
2475 731 2912 793 auctoritate

671 835 896 916 ipsius
930 835 1230 897 Romani
1290 835 1653 899 Pontificis
1718 845 2125 900 convocata
2193 837 2508 899 fuerunt.
2583 833 2786 915 Quod
2852 839 2914 899 si

673 943 1068 1023 scriptores
1134 943 1359 1023 aliqui
1423 943 1816 1006 memoriae
1877 943 2337 1007 tradiderunt
2411 945 2912 1025 antiquissima

674 1047 998 1113 Concilia
1034 1047 1435 1113 Orientalia
1469 1049 1561 1112 ab
1595 1048 2169 1130 Imperatoribus
2228 1051 2501 1113 indicta
2555 1051 2802 1131 fuisse,
2840 1049 2910 1113 id

669 1157 958 1221 omnino
1022 1157 1296 1221 factum
1340 1162 1452 1221 est
1510 1174 1605 1220 ex
1663 1154 1933 1220 Summi
1987 1157 2359 1221 Pontificis
2411 1159 2778 1221 sententia
2842 1161 2916 1221 et

673 1281 1050 1345 consensu,
1096 1268 1427 1345 spectata
1482 1264 1858 1345 utriusque
1909 1265 2293 1346 potestatis
2361 1265 2914 1339 ecclesiasticae

673 1377 746 1433 et
798 1371 1036 1435 civilis
1078 1369 1490 1452 concordia,
1551 1376 1726 1435 tunc
1782 1373 2127 1452 temporis
2189 1373 2509 1453 vigente,
2571 1373 2912 1435 maxime-

673 1493 814 1557 que
850 1477 1204 1557 peculiari
1238 1477 1431 1540 illius
1467 1477 1732 1540 aetatis
1767 1477 2205 1555 conditione,
2262 1479 2367 1539 uti
2423 1479 2650 1559 prope
2709 1479 2914 1541 innu-

671 1585 854 1647 meri
886 1585 1212 1647 historici
1240 1603 1324 1647 ac
1361 1583 1682 1665 theologi
1714 1584 2257 1647 evidentissime
2289 1585 2905 1647 demonstrarunt.

856 1691 1004 1753 118.
1104 1691 1188 1753 In
1226 1691 1529 1755 Concilii
1561 1691 1931 1772 generalis
1966 1691 2463 1755 celebratione
2517 1693 2658 1755 tria
2710 1709 2916 1773 spec-

673 1801 814 1865 tari
850 1801 1138 1877 debent,
1178 1818 1456 1882 nempe,
1492 1799 2013 1882 praesidentia,
2071 1799 2503 1881 suffragium
2559 1807 2629 1861 et
2680 1801 2916 1861 forma
2988 1791 2990 1793 ’

675 1907 1248 1969 deliberationis,

852 2011 1166 2077 Primum
1202 2013 1416 2092 enim,
1446 2012 1567 2093 jus
1603 2010 1947 2076 Conciliis
1981 2011 2447 2093 generalibus
2499 2011 2914 2093 praesiden-

675 2117 748 2181 di
786 2119 878 2181 ad
912 2137 1072 2193 eum
1108 2118 1581 2201 proculdubio
1619 2120 1909 2199 attinet,
1947 2121 2069 2201 qui
2107 2121 2419 2181 caeteris
2479 2119 2920 2181 auctoritate

673 2233 1028 2307 praestat,
1070 2225 1336 2306 quippe
1370 2224 1534 2306 ipsa
1593 2226 1782 2288 ratio
1847 2227 2207 2287 naturalis
2273 2227 2599 2289 omnibus
2660 2225 2920 2289 suadet

675 2331 748 2391 in
784 2333 1106 2414 quolibet
1142 2339 1671 2394 conventu‘seu
1706 2330 2071 2394 hominum
2109 2335 2704 2413 congregatione,
2732 2351 2916 2413 eum,

677 2440 800 2522 qui
862 2446 1224 2522 potestate
1290 2438 1522 2519 major
1588 2443 1722 2519 est,
1795 2439 2103 2501 caeteris
2159 2441 2323 2519 jure
2391 2459 2519 2503 suo
2573 2457 2914 2521 praeesse

675 2548 966 2612 debere:
1006 2566 1198 2610 nunc
1232 2564 1434 2629 ver0,
1467 2564 1629 2610 cum
1677 2530 2005 2610 Summus
2049 2548 2389 2610 Pontifex
2425 2558 2726 2630 propter
2762 2548 2914 2610 Pri-

677 2660 972 2738 matum,
1012 2674 1224 2736 quem
1260 2674 1302 2717 a
1334 2654 1619 2719 Christo
1672 2656 1981 2736 accepit,
2021 2656 2321 2736 reliquis
2357 2656 2738 2738 Episcopis
2796 2674 2918 2736 po-

675 2767 942 2826 testate
1006 2764 1427 2843 antecellat‚
1496 2763 1912 2826 necessario
1966 2764 2293 2844 sequitur
2373 2764 2467 2826 ad
2525 2764 2920 2826 Primatem

675 2870 1050 2934 Ecclesiae
1078 2870 1444 2952 pertinere
1477 2870 1775 2951 proprie
1828 2887 1916 2933 ac
1979 2888 2069 2932 ex
2103 2870 2241 2934 Dei
2293 2872 2764 2952 dispositione
2790 2870 2914 2950 jus

677 2978 1158 3040 oecumenicis
1230 2976 1570 3040 Conciliis
1633 2977 2099 3058 praesidendi
2163 2980 2319 3042 sive
2384 2996 2515 3060 per
2585 2996 2688 3058 se,
2758 2978 2920 3040 sive

675 3104 808 3168 per
842 3104 1008 3148 suos
1044 3086 1381 3166 Legatos,
1418 3085 1588 3166 quin
1623 3085 1792 3148 inde
1858 3096 2151 3148 eruatur
2201 3086 2561 3148 Romanos
2629 3086 2916 3148 Pontifi-

677 3210 798 3256 ces
834 3194 907 3256 in
940 3194 1140 3256 hisce
1176 3193 1802 3274 Vice-gerentibus
1857 3210 1987 3256 sua
2041 3192 2209 3272 jura
2261 3194 2361 3255 ita
2431 3194 2800 3274 delegare,
2844 3196 2920 3256 ut

677 3318 978 3382 eaquae
1014 3302 1104 3364 ab
1132 3300 1306 3382 ipsis
1340 3301 1625 3364 sancita
1680 3301 1970 3380 fuerint,
2035 3308 2199 3362 rata
2257 3300 2609 3382 firmaque
2644 3300 2919 3362 habere

679 3409 1090 3490 adigantur3
1130 3410 1393 3472 etenim
1427 3409 1647 3490 plena
1674 3408 1975 3471 libertas
2013 3414 2231 3490 atque
2269 3408 2555 3488 integra
2593 3414 2918 3490 potestas

673 3516 1138 3580 Pontificibus
1174 3526 1464 3598 semper
1496 3519 1742 3578 manet
1775 3514 2231 3596 approbandi
2281 3516 2403 3578 vel
2455 3516 2920 3596 improbandi

677 3642 1176 3706 quaecumque
1212 3644 1256 3686 a
1288 3623 1434 3687 suis
1465 3621 1763 3702 Legatis
1811 3626 2087 3685 statuta
2135 3622 2301 3703 sint,
2339 3622 2573 3686 veluti
2640 3640 2730 3684 ex
2776 3622 2918 3686 his-

675 3732 866 3794 toria
900 3730 1386 3795 Conciliorum
1422 3730 1676 3811 aperte
1703 3728 1952 3810 liquet.

852 3838 980 3900 Jus
1014 3838 1439 3918 suffragium
1495 3836 1778 3899 ferendi
1841 3836 2211 3916 competit:
2269 3834 2369 3898 1.⁰
2413 3836 2577 3916 jure
2634 3836 2914 3919 nativo,

675 3944 812 4008 hoc
840 3954 972 4026 est,
1004 3952 1367 4026 potestate
1397 3943 1742 4006 divinitus
1780 3941 2073 4024 collata,
2105 3944 2277 4006 solis
2307 3942 2714 4024 Episcopis,
2746 3962 2918 4026 quo-

677 4072 834 4118 rum
862 4054 1290 4134 suffragium
1322 4056 1428 4116 est
1476 4050 1781 4132 proinde
1847 4051 2247 4130 deci-sivum,
2305 4052 2477 4132 quia
2542 4056 2918 4132 tamquam

675 4160 1136 4240 verijudices
1170 4159 1582 4240 propositas
1639 4157 2103 4239 quaestiones
2165 4158 2537 4236 definiunt;
2603 4156 2710 4220 2.0
2758 4158 2918 4240 pri-

675 4270 920 4354 vileyz‘o
948 4272 1020 4332 et
1054 4286 1254 4330 mera
1288 4265 1661 4330 Ecclesiae
1700 4266 2193 4346 concessione,
2229 4264 2734 4330 Cardinalibus
2762 4282 2910 4328 non
