3332 5100
1592 333 1950 391 ..222-

649 477 1122 565 Evanqelia...
1162 474 1472 544 canones
1504 479 1796 562 denique
1819 477 2224 544 Sanctorum
2256 478 2741 564 Apostolorum
2753 502 2889 564 per

657 583 1063 653 Clementem
1108 586 1503 650 concinnati
1568 585 1691 667 (l);
1756 585 1952 668 apud
1982 588 2430 650 recentiores
2494 586 2889 650 Panvinius

653 698 729 757 et
767 692 1086 756 omnium
1123 693 1442 756 maxime
1465 691 1544 755 P.
1584 692 2021 756 Franciscus
2066 694 2464 756 Turrianus
2496 694 2815 774 (Turres)
2851 714 2891 758 e

652 797 1020 863 Societate
1049 797 1227 862 Jesu
1260 799 1385 882 qui
1436 799 1794 880 singulari
1824 800 2011 864 libro
2060 802 2414 864 adversus
2464 802 2889 884 Magdebur-

653 923 924 988 genses
957 903 1504 970 Centuriatores
1537 908 1712 970 totis
1745 907 2025 971 viribus
2049 908 2426 972 dimicavit
2454 926 2588 988 pro
2624 910 2893 972 tuenda

655 1012 938 1095 origine
992 1017 1066 1076 et
1106 1013 1538 1095 Apostolica
1601 1014 2047 1077 anctoritate
2098 1014 2314 1096 hujus
2370 1016 2891 1080 celeberrimae

656 1119 1136 1184 collectionis,

832 1225 1088 1290 Plures
1119 1226 1265 1291 viri
1295 1225 1703 1291 eruditione
1762 1230 1839 1292 et
1869 1227 2204 1292 doctrina
2254 1234 2719 1310 praestantes
2773 1248 2893 1292 ex-

654 1338 962 1398 tremam
990 1333 1182 1397 hanc
1214 1336 1655 1399 sententiam
1686 1340 2067 1418 respuunt,
2106 1336 2336 1398 tribus
2400 1338 2715 1398 maxime
2783 1354 2895 1398 ar-

655 1442 1018 1524 gumentis
1044 1441 1351 1522 suffulti,
1369 1444 1651 1524 nempe,
1684 1443 2005 1508 doctrina
2036 1462 2420 1522 canonum,
2452 1444 2895 1508 anachronis-

655 1571 767 1614 mo
800 1556 1186 1613 contextus
1212 1556 1288 1613 et
1315 1552 1695 1616 nescientia
1722 1555 2052 1615 veterum
2100 1553 2558 1632 scriptorum.
2606 1550 2901 1632 Aliquid

660 1655 749 1720 de
775 1656 1083 1739 singulis
1111 1657 1719 1738 perstringamus.
1773 1657 1859 1721 In
1884 1658 2136 1739 primis
2164 1660 2352 1722 enim
2416 1658 2747 1721 doctrina
2777 1656 2899 1720 ha-

658 1781 819 1829 rum
870 1763 1296 1846 regularum
1352 1763 1525 1827 fidei
1577 1763 2092 1846 Apostolorum
2156 1766 2376 1846 plane
2434 1764 2895 1844 adversatur,

658 1889 831 1936 nam
862 1888 1187 1935 canones
1224 1871 1313 1934 45
1347 1876 1420 1935 et
1450 1870 1538 1935 46
1571 1876 1730 1950 (seu
1748 1872 1964 1952 juxta
1993 1872 2176 1934 alios
2212 1872 2522 1948 codices,
2560 1872 2646 1934 46
2681 1878 2753 1934 et
2783 1870 2899 1950 47)

653 1980 936 2062 jubent:
967 1979 1440 2063 deponendum
1467 2000 1612 2043 esse
1644 1980 1970 2044 clericum
1996 1982 2112 2063 qui
2138 1988 2294 2044 ver&
2320 1982 2767 2062 Baptizatum
2797 2000 2901 2042 re·-

661 2088 1144 2172 baptizaverit,
1180 2088 1286 2151 vel
1308 2087 1657 2171 pollutum
1683 2088 1770 2151 ab
1803 2087 2043 2171 impiis
2066 2110 2204 2152 non
2254 2088 2749 2170 Baptizaverit,
2797 2092 2901 2150 ut-

652 2202 817 2279 pote
850 2215 986 2260 non
1019 2195 1551 2279 distinquentem
1580 2195 1766 2259 inter
1798 2194 2184 2260 sacerdotes
2236 2214 2432 2258 veros
2468 2202 2532 2258 et
2580 2196 2899 2278 imposto-

660 2321 798 2382 res,
832 2302 1017 2366 inter
1045 2299 1392 2368 Christum
1426 2309 1489 2365 et
1519 2300 1778 2379 Belial,
1835 2301 1959 2382 qui
2004 2300 2482 2382 proculdubio
2542 2300 2903 2362 haeresim

665 2408 1281 2490 rebaptizantium
1317 2406 1676 2484 redolent;
1713 2424 1950 2470 canon
1980 2407 2068 2470 84
2116 2408 2264 2488 (vel
2316 2408 2432 2486 85)
2488 2406 2905 2488 catalogum

664 2513 1101 2583 Divinarum
1135 2513 1677 2597 Scripturarum
1718 2514 2086 2597 proponit,
2106 2516 2178 2579 in
2216 2534 2354 2597 quo
2390 2520 2907 2597 expunguntur

665 2627 793 2688 vet
826 2623 1255 2687 omittuntur
1279 2622 1449 2686 libri
1483 2620 1935 2704 Sapientiae,
1964 2622 2260 2701 Tobiae,
2286 2629 2359 2685 et
2384 2623 2424 2685 J
2435 2623 2658 2703 udith,
2695 2627 2767 2685 et
2793 2639 2907 2685 eo-

662 2746 828 2794 rum
859 2730 1024 2793 vice
1058 2734 1535 2793 recensentur
1601 2734 1679 2792 ut
1744 2729 2080 2792 canonici
2150 2729 2442 2811 quidam
2504 2729 2673 2791 libri
2729 2747 2909 2809 quos

665 2836 999 2901 Ecclesia
1033 2855 1400 2920 nunquam
1436 2841 1515 2900 ut
1574 2836 1971 2918 inspiratos
2005 2836 2280 2917 habuit,
2320 2837 2574 2919 quales
2610 2843 2775 2899 sunt
2827 2835 2911 2897 li·-

664 2943 795 3008 ber
855 2944 1112 3008 tertius
1170 2943 1813 3026 Machabaeorum,
1843 2944 2030 3007 duae
2086 2945 2458 3025 Epistolae
2496 2941 2909 3023 Clementia,

667 3056 742 3116 et
798 3049 1367 3117 constitutiones
1400 3051 1871 3133 Apostolicae
1926 3052 2018 3116 de
2050 3053 2308 3135 quibus
2362 3053 2518 3133 jam
2574 3051 2911 3115 disserui-

673 3174 857 3222 mus.

879 3262 1164 3329 Deinde
1233 3262 1567 3330 doctrina
1628 3266 1843 3348 hujus
1906 3265 2360 3331 collectionis
2416 3285 2460 3329 a
2524 3265 2913 3349 disciplina

670 3370 1097 3455 Apostolica
1129 3374 1350 3439 valde
1385 3375 1663 3439 absona
1697 3380 1832 3456 est,
1863 3374 2216 3457 siquidem
2250 3393 2488 3437 canon
2514 3375 2626 3453 (65
2652 3375 2773 3437 vel
2797 3373 2909 3451 66)

669 3483 1130 3559 praescribit:
1170 3485 1644 3568 deponendum
1669 3506 1811 3550 esse
1844 3485 2170 3548 clericum
2228 3485 2332 3547 vel
2390 3481 2911 3545 excomtmican-

672 3591 836 3656 dum
871 3592 1130 3657 laicum
1165 3593 1282 3675 qui
1315 3593 1419 3658 vel
1448 3592 1557 3656 die
1590 3594 1886 3670 sabbati,
1923 3591 2031 3656 vel
2072 3593 2418 3655 dominica
2452 3587 2911 3675 jejunaverit,

672 3700 747 3763 in
802 3717 942 3782 quo
1011 3697 1299 3782 quidem
1362 3699 1598 3763 cultus
1661 3699 1950 3763 sabbati
2004 3704 2074 3762 et
2140 3715 2344 3761 error
2386 3695 2915 3779 judaizantium

673 3808 929 3891 aperte
995 3806 1408 3871 continetur
1470 3811 1729 3870 contra
1799 3807 2236 3871 sententiam
2308 3801 2917 3867 Constitutionum

674 3915 1261 3999 Apostolicarum
1295 3919 1369 3979 et
1411 3913 1789 3978 Ecclesiae
1841 3913 2210 3977 Romanae
2270 3911 2760 3975 traditionem:
2801 3927 2917 3971 ca-

676 4041 822 4088 non
848 4022 929 4087 17
962 4025 1183 4088 vocat
1214 4021 1596 4086 dumtaxat
1625 4021 1996 4103 bigamum
2026 4019 2254 4101 illum,
2322 4019 2444 4101 qui
2506 4023 2673 4101 post
2737 4015 2913 4097 bap-

820 4273 898 4341 (1)
968 4269 1094 4325 Lib.
1114 4270 1196 4325 1v
1221 4268 1410 4339 Μαι
1425 4267 1563 4324 ortu.
1594 4285 1714 4337 cap.
1748 4269 1832 4322 ιτ.
