3332 5100
1260 324 1620 384 -249—

316 468 399 534 in
432 468 992 552 subscriptione,
1030 468 1156 534 sed
1192 470 1470 534 tantum
1498 488 1761 534 nomen
1795 468 2169 534 Ecclesiae
2195 470 2317 536 vel
2347 468 2557 536 Dioe-

314 576 530 658 cesis,
570 576 688 640 cui
726 578 1274 658 praefecerant,
1312 576 1731 642 meminere.

494 682 999 746 Refellendum
1036 700 1324 764 quoque
1360 688 1697 764 putamus
1733 682 2079 764 placitum
2127 700 2399 766 eorum,
2439 684 2561 766 qui

312 790 538 854 alicui
572 790 900 854 Praesuli
938 790 1236 854 natione
1270 790 1594 872 Hispano
1650 790 2025 852 fallaciam
2079 790 2559 854 Isidorianam

310 898 678 978 imputare
712 898 934 962 veriti
972 916 1116 960 non
1174 904 1364 978 sunt,
1418 896 1887 978 sequentibus
1937 898 2383 978 argumentis
2417 900 2559 962 suf-

310 1002 504 1066 fulti:
548 1000 648 1066 1.⁰
682 1004 744 1066 si
778 1004 1130 1068 collector
1164 1002 1568 1084 Hispaniae
1602 1010 1801 1068 ortus
1837 1008 2053 1086 esset,
2083 1004 2153 1068 in
2183 1022 2311 1070 suo
2339 1022 2561 1088 opere

310 1110 688 1174 retulisset
720 1128 866 1174 non
922 1110 1154 1174 solnm
1216 1112 1530 1194 quinque
1586 1110 1955 1192 Epistolas
2003 1112 2432 1176 Decretales
2467 1112 2563 1176 ad

310 1216 720 1298 Episcopos
752 1217 1120 1298 Hispanos
1158 1218 1438 1298 missas,
1500 1218 1757 1282 verum
1791 1218 2011 1282 etiam
2067 1220 2311 1300 plures
2347 1220 2556 1302 alias,

310 1342 502 1408 quae
532 1326 686 1406 jam
720 1326 794 1388 in
844 1324 1276 1388 collectione
1336 1322 2051 1390 Canonico-Grothica
2093 1327 2557 1392 invenieban-

308 1440 456 1514 tur-3
496 1432 600 1496 2.⁰
640 1450 794 1496 mos
832 1432 1336 1496 subscribendi
1387 1434 1677 1496 nomine
1733 1434 2107 1516 supposito
2145 1440 2269 1498 aut
2323 1452 2559 1498 emen-

306 1540 444 1604 tito
482 1540 676 1620 apud
710 1538 1140 1618 Hispaniam
1178 1556 1324 1600 non
1369 1538 1707 1618 invaluit,
1769 1540 2025 1602 crebro
2063 1546 2303 1602 autem
2337 1558 2559 1622 penes

306 1644 714 1726 Episcopos
774 1644 1088 1726 Galliae,
1152 1646 1252 1706 uti
1308 1644 1562 1708 videre
1620 1646 1839 1708 estin
1876 1646 2057 1710 actis
2107 1644 2561 1726 Synodorum

306 1752 758 1816 Turonensis
794 1750 824 1814 I
862 1758 936 1814 et
974 1750 1044 1814 II
1080 1756 1300 1832 atque
1335 1750 1765 1814 Parisiensis
1799 1752 1893 1832 II;
1933 1752 2037 1814 3.0
2071 1770 2207 1816 nec
2239 1752 2559 1818 Isidorus

304 1858 682 1940 Pacensis,
742 1874 880 1920 nec
938 1858 1260 1920 Isidorus
1318 1856 1763 1940 Setubensis,
1839 1858 1961 1940 qui
2015 1858 2213 1922 hisce
2263 1860 2559 1922 remotis

306 1966 762 2046 temporibus
798 1966 1134 2044 floruere,
1172 1964 1336 2028 huic
1372 1964 1650 2044 ingenti
1687 1966 1913 2046 operi,
1971 1966 2161 2046 quod
2191 1966 2559 2048 ingenium

304 2090 460 2136 non
496 2072 838 2152 exiguum
876 2074 946 2134 et
982 2070 1430 2150 diligentiam
1482 2070 1701 2134 valde
1735 2072 2079 2134 solertem
2113 2074 2557 2156 postulabat,

304 2178 732 2242 incumbere
772 2182 1104 2260 potuere,
1146 2194 1306 2240 cum
1364 2178 1502 2240 hac
1536 2178 1823 2240 nefasta
1883 2182 2149 2260 aetate,
2189 2178 2559 2260 Agareno-

306 2304 468 2348 rum
504 2286 888 2348 invasione
924 2287 1452 2366 consummata,
1516 2288 1622 2348 tot
1667 2286 2093 2366 ingruerent
2147 2288 2365 2368 mala,
2403 2294 2557 2350 tan-

306 2396 430 2457 tae
466 2392 716 2457 clades
750 2396 972 2475 atque
1006 2390 1324 2473 undique
1360 2392 1769 2475 angustiae3
1819 2392 1927 2455 4.0
1987 2412 2187 2457 mens
2221 2394 2557 2459 falsifica-

306 2501 488 2565 toris
526 2501 598 2563 in
628 2519 712 2563 eo
752 2501 892 2563 sita
928 2507 1060 2581 est,
1112 2499 1304 2581 quod
1354 2499 1524 2579 jura
1558 2501 2117 2581 libertatemque
2169 2503 2557 2585 Episcopo-

304 2627 466 2673 rum
504 2615 828 2671 tueretur
866 2609 1220 2673 adversus
1252 2607 1404 2699 ,vim
1442 2611 1514 2669 et
1560 2609 2107 2689 oppressionem
2143 2609 2555 2691 Metropoli-

304 2723 574 2797 tarum,
634 2717 778 2797 qui,
842 2733 1039 2779 more
1092 2715 1366 2779 feudali
1426 2721 1600 2777 tunc
1656 2725 2069 2799 grassante,
2129 2717 2293 2781 illos
2331 2719 2555 2783 saeve

304 2823 688 2889 vexabant
746 2827 964 2903 atque
1022 2841 1154 2903 pro
1214 2823 1445 2885 lubitu
1472 2821 1887 2903 judicantes
1937 2825 2205 2903 injuste
2263 2823 2555 2889 damna-

304 2933 510 3009 bant;
552 2929 678 2992 sed
708 2929 1060 3009 ejusmodi
1096 2929 1492 2993 violentiae
1528 2936 1600 2991 et
1634 2931 2045 3011 tyrannidis
2109 2933 2447 3013 exempla
2481 2933 2557 2995 in

306 3035 666 3117 Hispania
720 3035 1110 3099 memorari
1172 3041 1564 3117 nequeunt,
1626 3037 1895 3119 quippe
1963 3039 2549 3113 consuetudines.

306 3145 638 3227 regimen
672 3147 890 3223 atque
916 3143 1192 3223 judicia
1226 3143 1552 3207 feudalia
1584 3147 1887 3225 propter
1933 3145 2163 3227 ipsam
2203 3155 2553 3213 restaura-

308 3253 518 3317 tionis
552 3251 868 3313 indolem
906 3249 1098 3331 apud
1155 3269 1286 3313 nos
1348 3269 1550 3315 usum
1612 3253 2343 3337 acceptationemque
2375 3255 2551 3319 obti-

308 3377 484 3423 nere
513 3357 804 3421 minime
842 3363 1207 3439 poterant.
1272 3357 1646 3421 Sententia
1699 3359 1943 3441 igitur,
1999 3379 2219 3441 quam
2277 3363 2551 3445 impug-

308 3483 590 3547 namus,
630 3465 928 3529 veritati
984 3465 1404 3547 historicae,
1456 3465 1705 3529 decori
1763 3467 2165 3549 episcopali
2199 3473 2271 3533 et
2303 3471 2549 3535 Eccle-

308 3577 462 3641 siae
498 3575 942 3657 Hispanicae
976 3577 1258 3657 gloriae
1294 3577 1683 3639 manifeste
1719 3577 2181 3641 adversatur.
2523 3641 2525 3643 ,

510 3685 756 3749 Tertia
822 3687 1062 3765 opinio
1130 3685 1441 3765 simplici
1508 3683 2145 3747 animadversione
2203 3685 2551 3751 historica

310 3795 692 3875 disjicitur:
730 3793 1122 3889 Riculpbus
1158 3793 1282 3857 vel
1336 3791 1759 3873 FiculphUS,
1819 3791 2099 3857 Rabani
2153 3793 2389 3857 Mauri
2427 3813 2547 3859 an-

310 3909 656 3983 tecessor,
688 3901 1204 3985 Episcopatum
1238 3901 1737 3983 Moguntinum
1783 3901 2011 3981 gessit
2043 3899 2135 3963 ab
2195 3919 2383 3965 anno
2421 3901 2551 3967 786

310 4011 402 4075 ad
432 4011 568 4077 814
625 4013 696 4075 in
754 4031 894 4093 quo
956 4013 1270 4075 animam
1308 4009 1460 4073 Deo
1498 4008 1837 4089 reddidit,
1891 4025 2065 4089 ergo
2127 4009 2547 4091 compilatio

310 4121 510 4185 facta
552 4129 718 4203 post
746 4119 1078 4201 Riculphi
1112 4127 1416 4183 mortem
1452 4125 1524 4183 et
1558 4124 2025 4181 monumenta
2075 4115 2271 4181 edita
2297 4135 2547 4185 recen-

310 4229 478 4295 tiori
514 4233 758 4315 aetate
792 4227 932 4311 ipsi
966 4227 1283 4293 adscribi
1318 4245 1462 4293 non
1494 4229 1825 4311 possunt.

2607 4911 2702 5074 n„
