3332 5100
1694 320 2048 384 —280—

757 486 897 534 uno
931 468 999 534 in
1038 468 1261 534 alium
1300 485 1656 534 canonem
1714 468 2076 552 gradatim
2108 468 2581 550 transeund03
2639 468 2713 534 in
2741 484 2995 534 secun-

757 576 851 640 da
887 593 1064 642 vero
1095 579 1332 658 parte,
1370 576 1750 640 immutata
1806 576 2168 658 methodO,
2206 594 2352 638 non
2384 576 2697 658 amplius
2733 576 2885 658 agit
2917 580 2995 640 ut

755 684 1125 764 magister,
1182 681 1312 746 sed
1371 682 1610 764 potius
1666 688 1744 746 ut
1800 684 2144 764 casuista,
2204 682 2559 764 siquidem
2615 684 2991 764 proposito

757 788 1001 870 aliquo
1037 804 1212 853 casu
1249 788 1374 854 vel
1402 787 1596 853 facto
1632 788 2000 868 historice,
2062 790 2445 852 materiam
2477 788 2741 852 sensim
2777 794 2849 852 et
2883 808 2995 852 or-

757 894 1001 958 dinate
1039 894 1416 978 dilucidat,
1451 896 1958 978 respondendo
1990 894 2318 958 omnibus
2346 900 2418 958 et
2447 894 2749 976 singulis
2777 912 2995 976 quae-

753 1003 935 1086 sitis,
975 1019 1167 1086 quae
1201 1020 1294 1067 ex
1332 1004 1708 1086 proposita
1744 1004 1988 1086 specie
2022 1002 2202 1066 facti
2240 1002 2398 1066 erui
2422 1002 2789 1066 videntur.

949 1111 1155 1175 Valor
1211 1113 1284 1173 et
1339 1106 1764 1175 Auctoritas
1834 1108 2248 1174 Methodum
2328 1108 2513 1172 alias
2569 1110 2997 1172 consuetam

755 1219 1301 1300 persequentes,
1339 1216 1551 1282 modo
1590 1216 1676 1280 de
1734 1218 1990 1282 valore
2044 1214 2384 1280 historico
2447 1218 2669 1297 atque
2705 1216 2993 1280 scienti-

753 1324 889 1388 fico
945 1326 1225 1388 tantum
1281 1323 1684 1406 loquemur,
1744 1326 2004 1406 postea
2092 1322 2178 1386 de
2256 1322 2699 1386 auctoritate
2771 1322 2997 1404 legali

751 1430 1138 1496 Gratianei
1179 1429 1477 1495 Decreti
1510 1448 1748 1496 sermo
1786 1430 2128 1512 specialis
2194 1428 2633 1492 instituetur.

955 1538 1026 1602 Si
1089 1537 1423 1602 collectio
1489 1535 1824 1602 Gratiani
1880 1538 2200 1602 historic&
2264 1536 2721 1618 inspiciatur,
2781 1534 3001 1598 aliter

757 1646 949 1728 apud
977 1645 1345 1727 sapientes
1381 1652 1620 1709 tractu
1656 1644 1714 1708 V
1748 1646 2206 1708 saeculorum
2242 1662 2286 1706 a
2320 1642 2463 1706 XII
2497 1642 2591 1704 ad
2623 1642 2792 1706 XVI
2841 1660 3001 1706 aes-

759 1752 1012 1816 timata
1045 1753 1203 1834 fuit,
1244 1752 1457 1816 aliter
1493 1770 1537 1815 a
1567 1754 1862 1816 saeculo
1914 1752 2082 1816 XVI
2120 1752 2214 1816 ad
2239 1758 2489 1815 nostra
2549 1768 2773 1832 usque
2823 1758 3001 1814 tem-

755 1880 939 1944 pora
965 1862 1213 1927 habita
1249 1866 1384 1927 est.
1424 1859 1614 1926 Satis
1646 1862 1902 1944 aperte
1936 1862 2190 1942 liquet,
2250 1860 2593 1942 quoniam
2657 1858 2745 1920 de
2801 1858 2999 1922 facto

755 1970 1099 2034 historico
1138 1969 1466 2034 omnibus
1502 1976 1874 2050 comperto
1910 1970 2172 2050 agitur,
2226 1968 2645 2044 Decretum,
2707 1982 2801 2028 ex
2855 1984 2999 2046 quo

757 2076 1024 2141 editum
1053 2081 1186 2158 est,
1227 2082 1300 2140 et
1334 2078 1810 2141 communiter
1844 2068 2220 2156 receptum
2250 2092 2410 2138 esse
2441 2078 2809 2154 tamquam
2842 2078 2999 2136 tex-

755 2190 905 2248 tum
939 2185 1060 2268 qui
1096 2185 1479 2250 doceretur
1509 2186 1818 2267 primum
1856 2186 1928 2248 in
1988 2184 2467 2250 universitate
2529 2182 2995 2266 Bononiensi,

756 2309 1068 2376 moxque
1130 2294 1206 2357 in
1270 2294 1489 2357 totius
1525 2291 1862 2374 Europae
1896 2294 2126 2374 lyceis
2192 2300 2410 2372 atque
2469 2290 2887 2372 academiiS,
2925 2296 3001 2354 et

755 2401 1200 2486 generaliter
1225 2401 1443 2466 etiam
1479 2404 1888 2482 spectatum
1924 2400 2146 2464 fuisse
2204 2398 2432 2464 veluti
2491 2398 2837 2480 codicem,
2881 2398 3003 2462 cui

755 2510 1083 2593 magistri
1119 2527 1323 2577 suam
1362 2510 1768 2578 doctrinam
1800 2512 1876 2575 in
1906 2510 2198 2593 scholis,
2246 2514 2465 2593 atque
2507 2510 2789 2591 judices
2825 2526 3001 2573 suas

755 2618 1153 2683 sententias
1187 2619 1262 2684 in
1295 2620 1452 2684 foro
1482 2623 2082 2701 attemperarent.
2156 2617 2525 2699 EJusmodi
2559 2617 3001 2683 universalis

757 2726 1165 2809 acceptatio
1202 2732 1495 2810 tamque
1556 2727 1816 2809 rapida
1882 2727 2122 2809 operis
2190 2725 2525 2791 Gratiani
2589 2725 2999 2805 divulgatio

755 2835 1026 2917 triplici
1055 2834 1250 2899 illius
1287 2836 1632 2917 temporis
1668 2835 2092 2899 necessitati
2124 2833 2637 2915 respondebat:
2679 2833 2781 2895 1.⁰
2815 2833 2999 2895 desi-

757 2943 981 3025 deriO,
1019 2961 1158 3026 quo
1217 2961 1465 3009 omnes
1530 2944 1970 3025 flagrabant,
2040 2963 2219 3027 prae
2286 2943 2615 3007 manibus
2679 2941 3003 3005 habendi

755 3051 1069 3133 aliquem
1104 3051 1452 3134 codicem,
1492 3053 1614 3136 qui
1672 3053 1746 3115 in
1794 3071 1870 3115 se
1908 3071 2046 3115 uno
2106 3051 2346 3115 omnia
2404 3051 2793 3133 praeberet
2849 3067 2997 3113 mo·-

753 3165 1097 3223 numenta
1116 3160 1301 3241 juris
1341 3161 1820 3226 ecclesiastici
1854 3161 2022 3225 hinc
2074 3165 2144 3225 et
2180 3161 2346 3223 hinc
2394 3161 2469 3223 in
2505 3159 2815 3223 caeteris
2849 3161 2999 3223 col-

753 3269 1186 3333 lectionibus
1222 3270 1520 3335 confuse
1555 3275 1628 3333 et
1666 3271 2024 3353 indigeste
2060 3269 2557 3349 disseminata,
2615 3267 2807 3351 quod
2843 3269 2997 3349 qui-

755 3375 919 3439 dem
953 3374 1387 3441 desiderium
1452 3377 1754 3441 mirifice
1790 3377 2224 3459 explebatur
2256 3395 2386 3459 per
2424 3377 2762 3439 subtilem
2791 3375 2997 3441 illam

757 3483 1340 3549 conciliationem
1373 3486 1690 3550 omnium
1740 3489 2362 3550 monumentorum
2388 3485 2575 3565 juris
2613 3484 2997 3549 ecclesias-

755 3593 899 3675 tici,
959 3593 1423 3675 quantumvis
1487 3592 2038 3657 dissonantium:
2110 3593 2212 3657 2.⁰
2270 3593 2497 3657 indoli
2565 3596 2639 3655 et
2701 3593 2995 3673 ingenio

755 3701 947 3765 illius
983 3701 1271 3785 aetatiS,
1321 3701 1436 3767 cui
1471 3720 1930 3785 summopere
1966 3703 2210 3765 arrisit
2246 3701 2418 3767 ordo
2457 3701 2915 3765 tractationis
2949 3719 2995 3765 a

757 3807 1107 3873 Gratiano
1143 3808 1492 3893 delectuS,
1530 3827 1698 3874 nam
1734 3809 2166 3873 divisionem
2194 3809 2378 3889 juris
2418 3809 2701 3873 romani
2737 3809 2811 3871 in
2835 3827 2997 3891 per-

754 3933 997 3999 sonas,
1025 3934 1142 3981 res
1168 3921 1387 4000 atque
1411 3917 1688 3998 judicia
1724 3923 2092 3999 sequutus,
2128 3917 2473 3980 materias
2507 3923 2751 3979 tamen
2779 3919 2997 3999 juxta

755 4023 1168 4089 methodum
1202 4025 1720 4090 aristotelicam
1762 4025 2084 4107 digessit,
2116 4033 2194 4087 ut
2226 4025 2330 4087 ita
2365 4025 2671 4087 clericos
2705 4025 2997 4089 facilius

757 4129 849 4193 ad
883 4129 1233 4195 scientiae
1266 4131 1664 4196 canonicae
1700 4131 2012 4195 studium
2038 4131 2384 4211 traheret;
2418 4137 2491 4193 et
2535 4129 2997 4213 quemadmo-

755 4237 921 4303 dum
987 4236 1416 4304 Aristoteles
1481 4257 1660 4322 opus
1702 4239 2280 4323 philosophicum
2322 4239 2394 4305 in
2463 4239 2991 4323 distinctiones,
