3332 5100
1192 322 1546 378 -189—

264 470 584 532 datorum
614 466 1168 546 accensendam;
1204 484 1374 528 narn
1408 464 1584 528 licet
1620 462 1953 526 daremus
2004 460 2223 544 (quod
2253 460 2483 524 nulla-

260 582 464 640 tenus
503 576 800 640 concedi
839 576 1102 656 potest)
1128 572 1536 654 hujusmodi
1564 571 2085 634 conventiones
2113 588 2271 634 esse
2321 586 2487 652 pac-

260 688 330 746 ta
362 682 970 766 synallagmatica
1006 682 1300 764 proprie
1336 680 1554 758 dicta,
1588 678 1811 740 etiam
1837 680 1909 740 in
1937 678 2077 740 hac
2097 676 2485 758 hypothesi

258 792 400 856 vim
436 794 510 854 et
541 790 867 854 valorem
902 788 1344 868 amitterent,
1376 786 1620 850 statim
1656 804 1743 848 ac
1801 786 2223 848 essentialia
2255 784 2491 866 requi-

260 898 394 960 sita
424 890 787 978 deessent,
819 894 1420 978 quemadmodum
1458 894 1531 956 in
1596 894 1923 956 omnibus
1983 892 2491 956 contractibus

260 1004 549 1068 accidit.

386 1110 803 1194 Enimvero,
819 1110 1276 1192 exploratum
1306 1112 1907 1192 compertumque
1937 1110 2047 1170 est
2075 1106 2495 1188 pactainter

262 1218 646 1282 societates
683 1218 894 1280 sicuti
924 1218 1114 1280 inter
1172 1216 1501 1298 privatos
1546 1216 1728 1278 inita
1787 1214 2125 1278 revocari
2161 1230 2373 1294 posse
2409 1230 2497 1274 ac

264 1326 549 1404 debere,
589 1326 745 1388 sive
779 1342 938 1388 cum
974 1324 1158 1388 desit
1190 1324 1374 1387 liber
1410 1340 1829 1404 consensuS,
1883 1322 2043 1384 sive
2077 1338 2239 1384 cum
2275 1324 2495 1382 mate—

264 1434 368 1496 ria
401 1432 667 1496 illicita
701 1432 815 1496 sit.

434 1538 665 1602 Deest
702 1538 1000 1602 libertas
1034 1538 1108 1602 in
1144 1554 1524 1616 consensu,
1564 1554 1725 1600 cum
1761 1536 1877 1598 hic
1913 1535 2077 1598 dolo
2119 1536 2241 1598 vel
2307 1552 2499 1598 erro-

264 1662 340 1708 re
388 1655 747 1708 versante
811 1646 1006 1708 circa
1034 1646 1140 1708 rei
1168 1646 1681 1726 substantiam,
1745 1648 2073 1706 extortus
2101 1642 2343 1720 fuerit,
2383 1643 2501 1706 vel

268 1756 456 1816 metu
485 1754 699 1834 gravi
731 1752 998 1834 injuste
1033 1754 1326 1816 incusso
1384 1752 1803 1834 praestitUS,
1847 1750 2015 1832 quia
2047 1754 2171 1812 aut
2207 1766 2501 1812 consen-
2587 1782 2589 1784 ·

268 1878 380 1924 sus
416 1878 567 1924 non
601 1864 711 1924 est
743 1862 946 1942 liber,
984 1864 1108 1924 aut
1164 1862 1426 1924 saltem
1484 1878 1572 1924 ea
1630 1860 1971 1922 libertate
2035 1862 2261 1938 caret,
2315 1874 2503 1938 quae

270 1970 687 2032 necessaria
723 1970 833 2032 est
867 1968 958 2030 ad
1006 1970 1307 2032 firmiter
1366 1968 1965 2038 contrahendum:
2025 1966 2333 2046 ideoque
2383 1982 2501 2046 po-

270 2082 432 2160 test,
475 2078 539 2140 si
573 2094 747 2158 pars
777 2078 978 2140 laesa
1010 2076 1112 2140 ita
1166 2076 1370 2158 velit,
1424 2076 1785 2140 revocari.
1849 2074 1965 2138 Sic
1999 2092 2043 2136 a
2067 2072 2403 2136 Paschali
2437 2072 2507 2136 II

270 2184 338 2247 in
374 2182 699 2248 Concilio
733 2184 1214 2248 Lateranensi
1250 2184 1318 2246 Π
1346 2184 1626 2246 irritum
1665 2184 2117 2246 declaratum
2153 2182 2289 2244 fuit
2327 2178 2505 2244 Con-

274 2292 649 2354 cordatum
711 2292 902 2354 inter
962 2292 1196 2372 ipsum
1260 2296 1330 2354 et
1392 2290 1785 2354 Henricum
1852 2290 1913 2354 V
1982 2290 2503 2370 imperatorem

272 2400 567 2462 factum:
621 2396 952 2462 similiter
1008 2418 1050 2462 a
1108 2398 1232 2462 Pio
1272 2398 1404 2462 VII
1454 2404 1881 2462 revocatum
1933 2400 2043 2460 est
2103 2394 2505 2460 Concorda-
2585 2390 2589 2393 ⁷

274 2510 414 2568 tum
450 2508 763 2586 cogente
797 2504 1220 2589 Napoleone
1272 2506 1719 2571 celebratum
1755 2508 1825 2569 et
1873 2504 2353 2585 subscriptum
2387 2500 2507 2565 an-

274 2630 360 2674 no
398 2612 597 2676 1813.

446 2720 757 2784 Materia
791 2720 1048 2785 illicita
1084 2721 1372 2801 dicitur,
1414 2739 1600 2803 quae
1638 2719 2077 2783 adversatur
2107 2717 2323 2781 alicui
2359 2717 2509 2779 offi-

280 2827 382 2891 cio
416 2829 717 2911 proprie
753 2829 968 2909 dicte,
1000 2847 1126 2893 seu
1164 2845 1386 2893 verae
1416 2829 1863 2909 obligationi,
1905 2847 2047 2909 qua
2083 2825 2509 2889 contrahen—

280 2939 380 2999 tes
416 2945 579 3001 actu
615 2939 978 3017 tenentur;
1020 2935 1188 2999 hinc
1224 2941 1396 2999 nota
1432 2935 1795 2999 distinctio
1831 2935 2021 2997 inter
2049 2935 2217 3015 jura
2251 2935 2511 2997 aliena-

280 3043 442 3107 bilia
475 3045 551 3105 et
583 3043 1088 3107 iwzalienabilia:
1144 3041 1272 3103 illa
1330 3041 1654 3121 delegari
1717 3045 2043 3123 possunt,
2103 3041 2285 3103 haec
2334 3057 2511 3101 vero

282 3167 667 3231 nunquam.
701 3149 1004 3211 Romani
1036 3149 1256 3229 igitur
1292 3147 1677 3211 Pontifices
1707 3149 1887 3211 nihil
1923 3147 2325 3211 concedere
2353 3163 2511 3227 pos-

286 3261 464 3333 sunt,
487 3255 681 3337 quod
715 3259 1020 3317 naturae
1054 3255 1412 3317 Primatus
1450 3255 1795 3333 divinitus
1827 3255 2137 3319 instituti
2172 3259 2243 3317 et
2277 3253 2513 3317 officio

288 3379 326 3425 a
356 3361 639 3427 Christo
671 3361 978 3425 Domino
1014 3361 1270 3425 iisdem
1304 3363 1683 3425 commisso
1723 3381 1897 3427 oves
1949 3363 2105 3443 ejus
2171 3359 2517 3443 pascendi

290 3471 741 3551 adversetur3
773 3471 958 3533 unde
978 3471 1140 3551 jure
1168 3469 1570 3551 meritoque
1602 3469 1909 3535 Sanctus
1937 3471 2101 3533 Pius
2131 3471 2191 3533 V
2219 3469 2519 3549 negavit

296 3595 372 3641 se
402 3597 617 3661 posse
679 3577 1136 3659 Principibus
1202 3579 1604 3641 concedere
1640 3583 2067 3659 perpetuam
2113 3581 2197 3657 et
2235 3574 2515 3637 absolu-

291 3687 430 3749 tam
464 3685 888 3749 facultatem
926 3685 1352 3747 admittendi
1380 3685 1500 3747 vel
1536 3685 1917 3765 rejiciendi
1953 3681 2517 3747 Constitutiones

292 3791 767 3873 ApostolicaS,
805 3793 1136 3873 quamvis
1174 3793 1368 3854 mere
1404 3791 1911 3873 disciplinares
1951 3795 2219 3855 essent.

466 3901 617 3965 167.
715 3899 1102 3981 Quaeritur
1138 3899 1382 3981 etiam,
1414 3901 1474 3961 si
1512 3899 1801 3981 quando
1855 3899 2323 3963 concesiones
2375 3895 2518 3959 fac·

298 4009 407 4071 tae
438 4009 559 4071 vel
593 4009 1106 4089 promissiones
1142 4007 1218 4069 in
1276 4005 1753 4071 Concordatis
1789 4007 2183 4087 stipulatae
2219 4020 2519 4067 revoca-

300 4117 507 4193 tione,
571 4115 1040 4195 derogatione
1106 4117 1230 4177 aut
1296 4115 1817 4195 explanatione
1885 4115 2173 4195 egeant,
2235 4111 2522 4173 cuinam

304 4223 663 4303 competat
709 4221 1060 4303 ejusmodi
1122 4221 1630 4303 interpretatio
1669 4223 1741 4285 et
1775 4221 2135 4285 rescissio.
2173 4217 2285 4281 Ad
2311 4217 2521 4297 hujus
