3332 5100
1764 327 1836 337 -
1886 295 2000 351 178
2048 329 2118 335 ...-

821 439 1193 523 gationem
1227 437 1598 517 inducunt,
1638 437 2001 503 communi
2066 439 2138 501 et
2189 436 2520 519 generali
2573 437 2860 503 nomine
2899 459 3054 504 con-

819 548 1169 613 ventiones
1204 548 1739 628 nuncupantur.

997 654 1397 735 Privilegia
1424 671 1711 736 quoque
1744 653 1820 718 in
1847 653 2209 735 triplicem
2237 613 2558 734 speciem
2607 651 3065 734 dividuntur

818 760 1123 826 scilicet:
1159 761 1235 826 in
1288 762 1619 848 qratuz’ta,
1668 782 1961 826 onerosa
1995 765 2216 843 atque
2262 762 2839 827 remuneratoria.-
2898 782 3055 848 qra-

819 869 1019 952 tuita,
1053 886 1242 952 quae
1269 886 1362 933 ex
1386 885 1590 932 mera
1615 867 1973 950 Principis
2000 867 2449 932 liberalitate
2477 867 2876 951 dimanant3
2906 890 3055 945 one-

816 996 1005 1058 rosa,
1046 993 1233 1058 quae
1266 974 1765 1039 conceduntur
1798 975 1872 1038 in
1904 974 2540 1039 commutationem
2567 993 2697 1040 seu
2726 993 3057 1058 compen·
3113 957 3117 964 ⁸

819 1083 1177 1146 sationem
1207 1084 1452 1164 operis
1485 1081 1913 1163 praestandi
1947 1082 2067 1146 vel
2096 1081 2283 1162 Juris
2312 1080 2617 1146 cedendi
2680 1101 2723 1145 a
2772 1082 3056 1146 subdito

820 1190 1316 1273 privilegiat03
1371 1189 1929 1254 remuneratoria
1985 1189 2295 1270 demum,
2354 1207 2542 1270 quae
2591 1208 2721 1272 per
2774 1189 3059 1254 modum

820 1296 1429 1361 remunerationis
1465 1296 1683 1376 alicuj
1697 1315 1776 1360 us
1803 1296 2043 1361 meriti
2076 1301 2496 1379 erogantur.

958 1405 1111 1469 158.
1207 1404 1291 1468 In
1320 1402 1801 1469 concordatis
1827 1404 2233 1486 generatim
2256 1404 2608 1487 spectatis
2625 1407 2775 1468 tres
2803 1421 3061 1486 quaes·

824 1513 1061 1577 tiones
1098 1511 1544 1594 distinguere
1580 1516 1892 1595 oportet,
1954 1511 2316 1594 nimirum,
2382 1513 2808 1595 historicam,
2869 1513 3062 1576 criti·

821 1642 975 1686 cam
1007 1638 1135 1684 seu
1157 1619 1741 1704 philosophica-m,
1779 1624 1851 1682 et
1865 1619 2285 1705 juridicam.

1002 1725 1347 1807 Quaestio
1383 1727 1717 1792 historica
1742 1726 1817 1790 in
1850 1726 2262 1790 definienda
2295 1726 2601 1808 epocha,
2670 1745 2813 1810 qua
2873 1729 3064 1810 ejus·

821 1836 1014 1899 modi
1049 1835 1429 1917 pactiones
1456 1835 1623 1899 iniri
1657 1840 2058 1915 coeperunt
2092 1839 2163 1898 et
2227 1835 2645 1900 earumdem
2709 1837 2904 1900 serie
2964 1853 3064 1899 re-

824 1943 1188 2007 censenda
1220 1947 1582 2006 versatur.
1628 1939 1843 2006 Circa
1877 1945 2183 2023 tempus,
2219 1959 2263 2005 a
2294 1959 2431 2024 quo
2493 1941 2851 2024 incipiunt
2887 1939 3064 2006 Con-

823 2050 1124 2115 cordata
1151 2050 1510 2131 triplicem
1537 2047 1733 2130 apud
1772 2048 2158 2112 historicos
2195 2052 2269 2112 et
2303 2048 2722 2112 canonistas
2791 2049 3064 2130 reperi-

823 2175 979 2222 mus
1013 2157 1474 2222 sententiam:
1517 2155 1642 2220 alii
1677 2154 1872 2218 enim
1923 2158 2261 2218 asserunt
2319 2155 2615 2218 saeculo
2672 2153 2813 2218 XII
2880 2155 3062 2218 cele-

821 2263 1024 2329 brari
1039 2265 1370 2346 coepisse
1391 2269 1463 2328 et
1489 2264 1803 2346 primum
1830 2279 1989 2326 esse
2008 2261 2558 2326 celeberrimam
2588 2259 3066 2326 Concordiam

825 2388 1012 2433 anno
1043 2369 1214 2434 1122
1242 2371 1432 2433 inter
1461 2367 1860 2434 Callixtum
1890 2366 1963 2430 II
1991 2371 2063 2431 et
2092 2365 2488 2430 Henricum
2523 2366 2586 2430 V
2618 2365 3065 2432 Wormatiae

825 2476 1123 2560 factam,
1161 2477 1254 2539 ad
1288 2473 1774 2540 dirimendam
1801 2473 2302 2564 quaestionem
2330 2468 2418 2537 de
2447 2473 2903 2538 investituris
2939 2475 3064 2538 sub

823 2585 1139 2652 Henrico
1175 2586 1276 2650 IV
1315 2587 1471 2668 eJus
1505 2589 1721 2669 patre
1756 2583 2104 2668 habitam,
2137 2584 2572 2665 praesertim
2601 2602 2764 2648 cum
2800 2583 3063 2649 Sancto

827 2692 1180 2777 Gregorio
1215 2692 1377 2775 VII;
1418 2693 1545 2757 alii
1579 2710 1788 2774 vern,
1820 2691 2323 2755 existimantes
2352 2690 2427 2754 in
2454 2695 2671 2773 pacto
2698 2690 2889 2760 inter
2911 2690 3065 2757 Cal-

824 2802 1081 2866 lixtum
1112 2801 1184 2866 II
1246 2804 1319 2866 et
1358 2800 1757 2865 Henricum
1791 2799 1854 2863 V
1888 2798 2066 2862 nihil
2101 2799 2411 2880 alicujus
2447 2799 2793 2863 momenti
2820 2798 3065 2863 Eccle-

823 2909 1004 2973 siam
1041 2909 1130 2972 de
1185 2909 1332 2972 suis
1380 2908 1666 2989 juribus
1734 2906 2145 2970 concessise
2193 2906 2536 2987 Imperi0,
2594 2905 2723 2969 sed
2788 2908 3068 2970 tantum

824 3033 957 3081 sua
974 3017 1145 3098 jura
1171 3014 1608 3096 vindicasse,
1656 3017 2039 3078 autumant
2097 3012 2479 3095 pristinum
2536 3010 3067 3078 Concordatum

825 3122 1265 3188 censendum
1292 3138 1479 3203 esse,
1520 3120 1714 3203 quod
1747 3121 1940 3184 inter
1973 3119 2378 3203 Episcopos
2444 3119 2946 3200 Portugalliae
3001 3122 3069 3183 et

824 3230 1253 3312 Dionysium
1287 3247 1538 3312 regem
1571 3228 1900 3293 habitum
1934 3231 2045 3292 est
2079 3245 2270 3291 anno
2338 3226 2513 3291 1288
2566 3226 2697 3290 sub
2766 3226 3062 3291 Nicolao

825 3336 952 3414 IV;
991 3336 1324 3419 plerique
1350 3340 1594 3400 autem
1632 3336 2181 3400 considerantes
2237 3336 2428 3400 hanc
2464 3336 2883 3418 pactionem
2948 3355 3063 3419 po-

826 3444 966 3509 tius
1003 3461 1219 3526 quam
1286 3443 1823 3510 concordatum
1877 3444 2102 3508 fuisse
2164 3444 2603 3509 sententiam
2671 3444 3060 3526 PontificiS‚

826 3551 947 3636 qui
983 3551 1246 3615 auditis
1310 3552 1692 3635 Episcopis
1760 3554 1834 3615 et
1882 3550 2484 3617 Procuratoribus
2544 3552 2761 3634 Regis
2832 3551 3062 3616 missis

826 3678 987 3725 cum
1021 3658 1474 3743 plenitudine
1507 3659 1919 3741 potestatis,
1962 3658 2220 3722 statuit
2267 3659 2438 3742 quid
2472 3659 2633 3747 regi
2670 3660 3062 3725 conceden-

827 3766 993 3831 dum
1019 3770 1236 3848 esset,
1275 3770 1347 3830 et
1383 3765 1555 3848 quid
1590 3763 2004 3846 negandum
2068 3782 2162 3828 ex
2227 3764 2342 3847 iis,
2412 3782 2601 3847 quae
2662 3765 3062 3848 privilegiis

825 3876 948 3940 vel
985 3872 1505 3940 consuetudine
1532 3872 1914 3936 asserebat
1939 3871 2077 3935 sibi
2127 3877 2569 3954 competere,
2624 3872 3063 3941 contendunt

826 3982 1135 4066 primam
1169 3980 1755 4061 conventionem,
1789 3996 1977 4062 quae
2011 3996 2275 4043 nomen
2300 3976 2739 4044 Concordati
2773 3980 3060 4063 proprie

826 4090 1001 4154 dicti
1035 4094 1377 4171 meretur,
1417 4106 1577 4152 esse
1613 4092 1906 4170 pactum
1940 4105 2129 4151 anno
2168 4085 2343 4151 1448
2367 4087 2565 4153 inter
2600 4088 2975 4154 Nicolaum
3003 4087 3061 4152 V

828 4200 900 4261 et
933 4194 1379 4260 Fridericum
1414 4193 1545 4277 III,
1586 4193 2115 4278 Imperatorem
2152 4192 2617 4261 Germaniae.
