3332 5100
1252 361 1605 421 -135—

315 507 617 589 ideoque
647 525 784 569 nec
820 507 892 569 in
928 507 1242 570 schisma
1280 507 1650 589 inducere3
1713 509 1786 571 et
1850 510 2215 589 tamquam
2287 507 2557 569 Doctor

315 613 806 693 particularis,
850 613 1194 695 quidquid
1232 613 1324 675 sit
1362 613 1447 677 de
1485 612 1909 695 quaestione
1957 615 2305 699 juridica,
2369 633 2557 677 nem-

315 739 427 801 pe,
467 727 703 783 utrum
743 721 1134 803 aliquando
1172 721 1246 783 in
1280 721 1638 784 haeresim
1676 726 1799 785 aut
1847 721 2161 785 schisma
2197 723 2343 785 labi
2397 741 2555 803 pos-

317 829 427 909 sit,
471 827 661 909 quod
705 829 1120 909 gravissimi
1158 828 1506 909 Theologi
1557 828 1919 892 rationum
1953 831 2331 891 momentis
2368 827 2561 891 haud

317 935 741 1015 spernendis
778 937 1030 1017 aperte
1059 917 1494 1017 inficiantur,
1536 933 1624 998 de
1650 936 1841 1021 facto
1878 952 2245 1017 nunquam
2307 935 2559 1001 haere-

319 1043 447 1106 sim
485 1043 940 1105 declaratam
976 1041 1220 1105 docuit
1256 1043 1378 1105 vel
1406 1041 1720 1106 schisma
1778 1043 2241 1106 manifestum
2279 1059 2561 1123 promo-

323 1149 445 1227 vit,
519 1149 762 1229 prouti
826 1149 1132 1211 historia
1200 1149 1513 1212 omnium
1579 1148 2037 1213 saeculorum
2101 1147 2561 1229 comprobari

319 1255 539 1317 facile
577 1257 792 1317 esset.

497 1363 649 1425 116.
751 1361 906 1443 Age
926 1363 1106 1443 jam,
1174 1377 1332 1423 cum
1368 1378 1512 1424 non
1563 1345 1794 1424 omnis
1862 1365 2109 1423 coetus
2173 1361 2565 1445 Episcopo-

321 1487 475 1533 rum
511 1453 884 1551 tamquam
926 1469 1328 1549 legitimum
1368 1467 1765 1533 Concilium
1799 1467 2237 1531 censendum
2285 1469 2399 1551 sit,
2437 1469 2565 1531 sed

321 1581 601 1639 tantum
635 1577 784 1657 ille,
826 1595 966 1657 quo
1004 1577 1238 1639 forma
1278 1575 1631 1639 canonica
1692 1578 1991 1639 servata
2051 1575 2293 1653 fuerit,
2357 1593 2563 1657 prae-

323 1685 527 1749 finire
562 1701 864 1747 necesse
902 1687 1014 1747 est
1052 1683 1502 1747 conditiones
1532 1681 1985 1763 essentialeS,
2025 1701 2209 1763 quae
2246 1683 2321 1745 in
2379 1683 2563 1763 ejus-

325 1793 511 1855 modi
581 1791 1128 1855 ecclesiasticos
1186 1795 1588 1854 conventus
1653 1807 2089 1853 concurrere
2143 1789 2429 1871 debent,
2493 1795 2569 1853 ut

328 1899 649 1965 Concilia
683 1903 882 1965 recte
909 1905 1420 1983 nuncupentur
1455 1903 1526 1962 et
1561 1899 1698 1962 rite
1732 1898 2163 1963 habeantur.

499 2009 671 2071 Tria
699 2009 920 2089 igitur
954 2011 1304 2091 requisita
1342 2008 1698 2072 canonice
1729 2007 2233 2071 desiderantur
2263 2007 2353 2069 ad
2389 2007 2565 2071 Con-

329 2115 569 2177 cilium
607 2117 952 2197 generale
988 2117 1166 2181 vere
1202 2121 1272 2179 et
1306 2116 1602 2198 proprie
1658 2115 2265 2197 constituendum,
2319 2115 2570 2179 videli-

331 2227 461 2303 cet,
501 2223 832 2303 legitima
870 2225 1286 2303 convocatio,
1350 2223 1593 2287 debita
1629 2224 2021 2303 celebratio,
2063 2227 2133 2287 et
2199 2223 2569 2303 pontificia

331 2331 778 2415 confir-matio,
814 2331 900 2393 de
938 2331 1192 2411 quibus
1232 2331 1552 2395 breviter
1589 2331 2053 2395 disseremus..

505 2439 659 2503 117.
758 2437 886 2501 Jus
958 2437 1356 2501 Concilium
1421 2438 1768 2521 generale
1830 2437 2195 2501 indicendi
2251 2437 2343 2499 ad
2409 2455 2571 2499 eum

331 2548 673 2628 pertinet,
715 2546 834 2628 qui
870 2548 1378 2610 auctoritatem
1418 2545 1638 2610 habet
1686 2545 1761 2610 in
1815 2542 2211 2626 Collegium
2273 2562 2570 2624 congre-

333 2654 669 2734 gandum,
733 2654 938 2734 cujus
1006 2658 1114 2716 est
1173 2654 1505 2734 judicare
1572 2654 1660 2716 de
1726 2652 1950 2734 ipsius
2023 2652 2571 2716 convocationis

335 2780 557 2824 causa
587 2762 936 2842 legitima,
982 2762 1102 2842 qui
1138 2766 1380 2842 potest
1443 2760 1844 2842 Episcopos
1897 2760 2155 2840 jubere
2227 2760 2297 2822 in
2359 2776 2575 2820 unum

335 2868 569 2932 locum
605 2870 860 2932 venire
896 2874 966 2930 et
1002 2870 1422 2950 convenire,
1462 2869 1728 2951 quique
1764 2868 2047 2931 demum
2109 2868 2311 2932 valet
2371 2866 2571 2946 Epis-

339 2992 555 3058 copos
595 2976 1020 3058 dispensare
1058 2994 1100 3038 a
1134 2976 1531 3038 residentia
1567 2976 1642 3038 in
1700 2974 1844 3039 suis
1909 2975 2385 3038 dioecesibus:
2421 2973 2575 3052 jam

341 3100 537 3164 vem,
571 3084 760 3146 haec
796 3090 1106 3164 quatuor
1144 3084 1508 3146 recensita
1542 3101 1883 3165 suprema
1939 3084 2105 3164 jura
2141 3080 2571 3162 imperandi,

337 3190 731 3270 judicandi,
768 3192 1072 3270 jubendi
1108 3194 1326 3270 atque
1364 3191 1833 3272 dispensandi
1890 3190 2383 3253 tantummodo
2443 3190 2577 3250 Ro-

345 3316 549 3360 mano
589 3298 918 3360 Pontifici
954 3300 1188 3362 inesse
1228 3304 1550 3381 possunt,
1593 3299 1935 3379 cumipse
1973 3318 2151 3362 unus
2211 3318 2253 3360 a
2293 3296 2577 3360 Christo

345 3404 645 3468 Domino
687 3406 1120 3468 constitutus
1158 3408 1250 3470 sit
1284 3408 1629 3488 Princeps
1663 3409 1737 3469 et
1770 3404 2003 3488 Caput
2055 3408 2271 3468 totius
2331 3404 2577 3466 Eccle-

349 3512 517 3594 siae,
561 3518 631 3576 et
667 3512 1006 3594 Episcopi
1036 3532 1282 3576 ornnes
1314 3516 1376 3594 ej
1390 3531 1465 3578 us
1496 3513 1808 3578 decretis
1841 3513 2135 3577 obedire
2167 3514 2575 3590 teneantur3

351 3638 515 3702 ergo
553 3620 747 3684 solus
782 3620 1144 3684 Romanus
1178 3622 1513 3684 Pontifex
1540 3621 1706 3702 jure
1752 3621 2023 3702 potitur
2085 3618 2411 3700 Synodos
2463 3636 2579 3698 ge-

351 3730 631 3792 nerales
697 3728 1086 3792 indicendi.
1160 3728 1414 3810 Itaque
1476 3728 1551 3791 in
1615 3726 1937 3792 Concilio
2005 3724 2583 3790 Chalcedonensi

353 3832 733 3900 Lucentius
762 3835 1166 3898 Asculanus
1204 3836 1628 3918 Episcopus,
1666 3833 1737 3899 S.
1777 3834 2039 3898 Leonis
2077 3832 2319 3912 Magni
2353 3830 2579 3912 Lega-

355 3948 485 4026 tus,
545 3946 723 4010 illud
784 3946 1136 4008 Dioscoro
1192 3943 1689 4008 Alexandrino
1757 3940 2231 4005 Patriarchae
2299 3934 2583 4000 crimini

357 4056 591 4116 vertit:
635 4054 810 4136 quod
874 4052 1226 4136 Synodum
1262 4073 1471 4116 ausus
1520 4058 1618 4115 est
1679 4048 1913 4135 facere
1967 4050 2113 4112 sine
2175 4046 2585 4110 auctoritate
