3332 5100
1709 364 2064 427 -342-

770 512 890 589 sie,
925 520 995 573 et
1015 510 1071 573 si
1104 529 1278 587 quae
1326 512 1409 571 de
1439 511 1571 571 fide
1620 511 1938 571 subortae
1967 510 2222 570 fuerint
2269 507 2716 585 quaestiones,
2745 526 2863 571 suo
2896 506 3014 569 de-

767 595 932 654 bent
956 594 1214 668 judicio
1246 592 1535 651 definiri.
1571 591 2034 651 Florentinum
2063 592 2354 665 denique
2385 590 2746 650 concilium
2775 591 3015 650 defini-

768 676 890 734 vit:
924 674 1316 732 Pontificem
1346 673 1736 745 Romanum,
1772 689 2007 731 verum
2032 670 2278 730 Christi
2297 671 2638 731 Viearium
2671 673 3016 745 totiusque

770 754 1117 814 Ecclesiae
1148 761 1370 829 caput,
1392 760 1459 812 et
1484 754 1778 811 omnium
1809 753 2328 811 christianorum
2374 761 2634 825 patrem
2672 769 2752 810 ac
2782 754 3016 811 docto-

768 852 913 895 rem
954 836 1272 908 exister03
1321 839 1387 893 et
1420 833 1551 907 ipsi
1597 834 1670 892 in
1717 835 1916 891 beato
1950 833 2171 905 Petro,
2206 833 2552 906 pascendi,
2587 834 2871 906 regendi
2926 848 3019 889 ac

734 915 1198 990 ·gubernandi
1239 914 1699 974 universalem
1743 913 2118 972 Ecclesiam
2148 918 2189 970 6
2240 912 2522 971 Domino
2573 921 2798 972 nostro
2839 913 3020 973 Jesu

771 995 1031 1057 Christo
1062 996 1329 1070 plenam
1360 1000 1760 1068 potestatem
1792 994 2113 1052 traditam
2143 1008 2292 1052 esse
2325 996 2442 1071 (1).

928 1076 1104 1135 Huic
1160 1074 1482 1149 pastorali
1531 1074 1795 1134 muneri
1823 1082 1896 1133 ut
1930 1073 2406 1133 satisfacerent
2442 1072 3018 1132 Praedecessores

768 1156 993 1216 Nostri
1047 1156 1458 1214 indefessam
1513 1171 1782 1228 semper
1823 1170 2097 1229 operam
2147 1154 2500 1227 dederunt,
2561 1161 2635 1213 ut
2689 1153 3017 1213 salutaris

771 1235 1017 1296 Christi
1046 1237 1355 1295 doctrina
1394 1235 1575 1309 apud
1604 1250 1833 1293 omnes
1893 1242 2117 1293 terrae
2159 1235 2439 1309 populos
2489 1242 3012 1309 propagaretur,

768 1318 1052 1391 parique
1083 1332 1245 1375 cura
1276 1316 1673 1390 vigilarunt,
1723 1321 1817 1388 ut,
1851 1315 1970 1374 ubi
2026 1322 2303 1389 recepta
2353 1321 2553 1387 esset,
2620 1315 2890 1373 sincera
2943 1322 3021 1371 et

768 1414 938 1472 pura
968 1402 1507 1456 conservaretur.
1544 1394 1878 1468 Quocirca
1928 1395 2130 1453 totius
2183 1395 2364 1453 orbis
2417 1395 2790 1468 Α1111611166,
2826 1411 3020 1453 nunc

770 1475 1042 1552 singuli,
1084 1493 1263 1535 nune
1312 1477 1380 1534 in
1412 1474 1704 1550 Synodis
1761 1476 2182 1550 congregati,
2225 1476 2495 1548 longam
2550 1475 3022 1535 Ecclesiarum

771 1559 1322 1616 consuetudinem
1358 1556 1447 1634 (2)
1491 1563 1558 1614 et
1609 1556 1930 1629 antiquae
1980 1556 2259 1629 regulae
2309 1555 2593 1613 formam
2652 1564 3022 1629 sequentes

771 1637 886 1717 (3),
922 1655 1002 1696 ea
1054 1638 1452 1714 praesertim
1494 1637 1799 1710 pericula
1832 1653 2005 1709 quae
2055 1638 2125 1693 in
2173 1636 2461 1708 negotiis
2513 1636 2670 1694 fidei
2715 1652 3019 1708 emerge-

768 1720 955 1792 bant,
991 1721 1077 1777 ad
1109 1719 1281 1776 hanc
1314 1716 1554 1775 Sedem
1591 1717 2046 1790 Apostolicam
2078 1717 2475 1789 retulerunt,
2511 1725 2584 1774 ut
2614 1716 2709 1774 ibi
2749 1717 3022 1790 potissi-

770 1816 948 1857 mum
977 1799 1473 1857 resarcirentur
1506 1798 1751 1855 damna
1781 1798 1960 1869 fidei,
1995 1798 2111 1854 ubi
2149 1797 2315 1855 fides
2340 1813 2472 1854 non
2517 1803 2732 1871 potest
2757 1797 3020 1855 sentire

761 1880 1109 1938 defectum
1145 1879 1259 1956 (4).
1304 1878 1588 1936 Romani
1635 1885 1857 1936 autem
1907 1877 2266 1935 Pontifices
2295 1882 2491 1950 prout
2541 1885 2917 1951 temporum
2950 1884 3024 1935 et

769 1976 995 2018 rerum
1022 1959 1315 2018 conditio
1350 1958 1701 2030 suadebat,
1738 1975 1917 2017 nunc
1941 1958 2330 2016 convocatis
2353 1954 2823 2015 Oecumenicis
2850 1956 3021 2016 Con-

773 2040 947 2099 ciliis
981 2048 1097 2097 aut
1128 2041 1482 2113 explorata
1515 2038 1863 2096 Ecclesiae
1919 2054 2039 2112 per
2085 2038 2314 2095 orbem
2370 2038 2716 2111 dispersae
2749 2047 3019 2097 senten-

763 2121 884 2193 tia,
921 2137 1101 2179 nunc
1126 2136 1245 2193 per
1276 2118 1581 2193 Synodos
1617 2119 2085 2192 particulares,
2119 2134 2298 2176 nunc
2329 2118 2500 2191 aliie,
2554 2135 2728 2191 quae
2779 2118 3019 2175 divina

770 2201 1249 2274 suppeditabat
1280 2199 1730 2274 providentia,
1766 2199 2087 2257 adhibitis
2119 2198 2415 2270 auxiliis,
2463 2214 2542 2256 ea
2579 2200 2875 2259 tenenda
2902 2199 3017 2256 de-

769 2282 1136 2338 finiverunt
1160 2296 1335 2353 quae
1360 2280 1572 2336 sacris
1624 2278 1992 2353 Scripturis
2050 2289 2116 2337 et
2162 2278 2546 2352 apostolicis
2604 2278 3018 2337 Traditioni·

768 2362 894 2419 bus
925 2368 1400 2432 consentanea,
1455 2359 1593 2417 Deo
1652 2360 1983 2433 adjutore,
2035 2366 2517 2433 cognoverant.
2566 2358 2800 2432 Neque
2835 2359 3020 2418 enim

767 2441 953 2500 Petri
1004 2441 1508 2500 successoribus
1557 2438 1847 2513 Spiritus
1891 2439 2180 2499 Sanctus
2223 2440 2590 2513 promissus
2622 2448 2745 2513 est,
2801 2446 2896 2512 ut,
2935 2454 3016 2497 66

766 2523 1137 2594 revelante,
1172 2537 1416 2581 novam
1438 2521 1817 2579 doctrinam
1862 2521 2350 2595 patefacerent,
2380 2521 2499 2579 sed
2535 2528 2626 2592 ut,
2687 2535 2764 2578 eo
2817 2521 3018 2578 assis-

768 2610 975 2677 tente,
1000 2604 1321 2661 traditam
1352 2617 1470 2676 per
1494 2601 1848 2675 Apostolos
1889 2602 2376 2661 revelationem
2399 2618 2519 2659 seu
2547 2602 2704 2658 fidei
2753 2601 3017 2676 deposi-

768 2689 910 2742 tum
934 2689 1166 2741 sancte
1198 2683 1622 2742 custodirent
1653 2689 1720 2740 et
1745 2682 2035 2740 fideliter
2067 2688 2506 2757 exponerent.
2545 2681 2838 2755 Quorum
2873 2682 3015 2754 qui-

759 2764 923 2822 ·(16111
947 2764 1384 2837 apostolicam
1416 2762 1794 2821 doctrinam
1836 2778 2064 2820 omnes
2113 2763 2542 2822 venerabiles
2592 2763 2830 2820 Patres
2879 2778 3014 2820 am-

768 2843 976 2918 plexi,
1010 2850 1077 2901 et
1133 2844 1351 2902 sancti
1406 2842 1733 2900 Doctores
1783 2843 2138 2901 orthodoxi
2169 2843 2478 2902 venerati
2533 2851 2736 2916 atque
2795 2841 3015 2902 secuti

768 2930 945 2998 sunt3
978 2924 1365 2999 plenissime
1398 2923 1691 2981 scientes
1720 2923 1896 2980 hanc
1927 2922 2160 2982 Sancti
2205 2923 2389 2982 Petri
2419 2922 2662 2982 Sedem
2695 2924 2780 2980 ab
2835 2922 3018 2980 omni

768 3020 1034 3079 semper
1064 3020 1292 3063 errore
1338 3003 1671 3062 illibatam
1703 3018 2122 3078 permanere,
2173 3005 2544 3064 secundum
2574 3002 2841 3061 Domini
2875 3002 3015 3061 Sal-

768 3086 1025 3143 vatoris
1054 3086 1266 3144 nostri
1297 3084 1598 3142 divinam
1627 3083 2182 3157 pollicitationem
2215 3085 2696 3158 discipulorum
2742 3099 3016 3142 suorum

769 3165 1060 3239 principi
1082 3166 1356 3224 factam:
1387 3164 1527 3238 Ego
1552 3164 1793 3238 rogavi
1817 3179 1934 3237 pro
1976 3171 2063 3237 te,
2099 3172 2172 3224 ut
2197 3182 2330 3224 non
2371 3164 2643 3222 deficiat
2672 3164 2839 3222 fides
2869 3170 3009 3237 tua,

771 3251 838 3303 et
869 3253 961 3317 tu,
997 3245 1361 3319 aliquando
1393 3259 1783 3316 conversus»,
1819 3245 2141 3303 confirma
2175 3245 2424 3319 fratre-s
2453 3251 2600 3303 tuos
2633 3243 2748 3323 (5).

931 3325 1076 3383 Hoc
1108 3326 1315 3398 igitur
1345 3325 1653 3384 veritatis
1703 3331 1770 3381 et
1799 3325 1956 3382 fidei
2006 3342 2371 3398 numquam
2427 3325 2805 3383 deficientis
2858 3323 3015 3381 6116-

770 3404 998 3477 1161116,
1034 3405 1232 3463 Petro
1266 3407 1546 3478 ejusque
1590 3405 1658 3462 in
1690 3404 1818 3463 hac
1870 3403 2204 3463 Cathedra
2235 3406 2740 3464 successoribus
2773 3403 3017 3461 divini-

759 3494 877 3543 'tus
909 3487 1226 3544 collatum
1259 3492 1379 3558 est,
1416 3494 1490 3543 ut
1513 3486 1783 3542 excelso
1816 3501 1934 3543 suo
1969 3501 2247 3544 munere
2289 3487 2358 3545 in
2403 3486 2696 3543 omnium
2727 3485 3021 3543 salutem

767 3565 1235 3639 fungerentur,
1271 3572 1343 3624 ut
1396 3569 1752 3624 universus
1805 3563 2049 3623 Christi
2101 3582 2275 3641 grex
2326 3582 2445 3641 per
2480 3581 2592 3624 eos
2626 3566 2711 3623 ab
2767 3565 3021 3622 erroris

766 3662 1109 3706 venenosa
1139 3662 1295 3705 esca
1326 3661 1629 3718 aversus,
1681 3645 1993 3704 coelestis
2028 3647 2380 3705 doctrinae
2426 3647 2672 3720 pabulo
2725 3644 3022 3705 nutriress

754 3732 906 3800 ·tur‚>
932 3733 1028 3799 ut,
1068 3727 1333 3787 sublata
1365 3726 1745 3785 schismatis
1775 3727 2153 3800 occasione,
2189 3727 2496 3788 Ecclesia
2527 3733 2667 3785 tota
2697 3742 2833 3785 una
2861 3740 3026 3793 con-

909 4002 989 4070 (1)
1064 4002 1151 4056 Of.
1181 4001 1392 4057 Joann.
1418 4003 1581 4071 XXI.
1614 4004 1786 4058 15-17.

911 4076 990 4141 (2)
1064 4075 1117 4128 S.
1144 4073 1274 4140 Cyr.
1303 4075 1463 4130 Alex.
1491 4075 1565 4129 ad
1586 4076 1639 4129 S.
1673 4075 1917 4131 Coelest.
1948 4076 2015 4133 P.

910 4148 987 4213 (3)
1062 4146 1115 4198 S.
1139 4145 1333 4200 Innoe.
1363 4147 1402 4200 1.
1430 4146 1503 4200 ad
1529 4147 1700 4201 Cone.
1733 4146 1926 4204 Carth.
1944 4155 2002 4205 et
2025 4149 2267 4207 Milevit.

912 4219 989 4284 (4)
1060 4216 1143 4270 cf.
1171 4215 1229 4271 S.
1255 4218 1421 4272 Bern.
1447 4219 1629 4286 Epist.
1660 4221 1780 4276 190.

909 4288 987 4357 (ὁ)
1060 4285 1147 4340 Cf.
1176 4288 1228 4344 S.
1256 4289 1538 4356 Agathou.
1567 4291 1744 4358 Epist.
1774 4293 1847 4346 ad
1870 4292 2014 4361 Imp.
2042 4291 2077 4346 a
2103 4291 2277 4348 Cone.
2303 4308 2519 4349 oecum.
2549 4295 2652 4351 VI.
2679 4294 3023 4363 approbata.
