3332 5100
939 859 1954 1008 MONITUM

1230 1151 1657 1196 ..fi-w...-

541 1484 751 1566 Cum
790 1489 950 1564 hoc
981 1508 1189 1585 opus
1232 1485 1860 1562 ecclesiasticae
1874 1486 2302 1582 J'uventuti
2324 1509 2559 1584 prae·

320 1616 621 1692 sertim
658 1614 1033 1690 dicatum
1070 1615 1208 1707 sit,
1257 1619 1341 1688 et
1399 1619 1692 1688 nostra
1767 1612 2216 1687 recentiori
2280 1618 2564 1687 aetate

320 1748 573 1818 tanta
612 1741 1067 1815 obruamur
1124 1738 1371 1836 copia
1410 1737 1946 1834 scriptorum,
2013 1737 2185 1834 qui,
2232 1736 2562 1834 praeju-

324 1865 568 1940 diciis
629 1865 965 1962 abrepti
1004 1863 1145 1938 vel
1201 1863 1696 1961 perniciosis
1739 1853 2284 1963 jammis-mi,
2327 1881 2561 1964 φερα-

324 1984 561 2067 lis-mi
587 2001 735 2064 aut
768 1982 1279 2066 liberalismi
1313 1989 1649 2087 placitis
1682 1988 2249 2085 indulgenteS,
2287 1988 2410 2060 ita
2462 1988 2566 2062 de

322 2137 416 2191 re
457 2116 867 2191 canonica
932 2122 1593 2214 pertractarunt,
1652 2122 1746 2188 ut
1804 2114 2084 2211 potius
2126 2134 2380 2210 quam
2438 2133 2564 2186 or-

324 2241 638 2331 dinem,
677 2240 1064 2338 regimen
1112 2246 1196 2314 et
1267 2239 1930 2314 ecclesiasticam
1989 2237 2566 2336 jurispruden-

324 2367 535 2441 tiam
568 2386 993 2462 exponere
1058 2372 1317 2461 atque
1355 2364 1821 2458 vindicare,
1870 2363 2248 2440 divinam
2285 2362 2566 2437 Eccle-

324 2491 505 2567 siae
544 2491 1237 2568 constitutionem
1277 2501 1691 2587 evertere,
1724 2491 2296 2567 sacratissima
2318 2488 2568 2566 Sanc-

324 2623 471 2691 tae
544 2614 782 2692 Sedis
851 2617 1048 2711 jura
1124 2617 1651 2693 labefactare
1726 2624 1809 2692 et
1876 2636 2357 2713 supremam
2410 2614 2568 2690 Ro-

322 2760 769 2817 manorum
840 2740 1344 2816 Pontificum
1420 2722 2019 2817 auctoritatem
2097 2738 2573 2815 convellere

326 2866 613 2942 conati
653 2874 876 2959 sunt,
941 2867 1235 2964 magni
1302 2867 1706 2941 momenti
1773 2888 1956 2941 esse
2043 2866 2422 2939 ducimus
2488 2871 2572 2940 et

324 2992 698 3065 muneris
772 2991 1041 3067 nostri
1106 2991 1657 3088 praecipuam
1730 2998 2066 3090 partem
2140 3011 2573 3065 censemus

324 3122 677 3213 tyrones
716 3114 772 3192 J
782 3115 949 3189 uris
992 3111 1397 3191 Canonici
1428 3138 2010 3213 praemonere,
2051 3115 2274 3213 quod
2306 3116 2574 3191 omnis

327 3239 779 3336 diligentia
818 3247 900 3314 et
959 3247 1361 3315 accurata
1433 3240 1734 3315 electio
1799 3239 2282 3315 adhibenda
2322 3239 2576 3315 estin

326 3385 484 3439 usu
516 3386 616 3440 ac
656 3364 1277 3441 consultatione
1317 3375 1787 3440 auctorum.

546 3484 931 3564 Caveant
966 3489 1235 3587 igitur
1277 3489 1713 3565 candidati
1769 3490 1825 3568 J
1831 3490 2004 3566 uris
2043 3490 2572 3565 Ecclesiasti-

326 3615 435 3708 ci,
482 3636 614 3709 ne,
659 3614 749 3691 in
788 3614 1282 3691 evolvendis
1314 3621 1464 3689 aut
1496 3615 2041 3714 perlegendis
2074 3614 2576 3711 quibusdam

322 3737 567 3814 libris
603 3739 693 3813 in
734 3739 1015 3837 specie
1055 3746 1139 3813 et
1208 3739 1544 3814 nomine
1586 3740 2028 3814 catholicis
2091 3739 2238 3813 sed
2296 3739 2576 3837 reipsa

320 3863 780 3938 haereticis
819 3862 958 3938 vel
1032 3863 1286 3939 valde
1345 3865 1786 3962 suspectis,
1867 3864 2241 3938 animum
2301 3862 2577 3937 adhuc

320 3998 713 4064 tenerum
752 3995 837 4063 et
876 3997 1245 4064 mentem
1284 3990 1654 4065 nondum
1687 3989 1893 4064 satis
1927 3988 2352 4063 excultam
2386 4010 2574 4085 pra-

318 4114 458 4191 vis
519 4114 1061 4211 opinionibus
1129 4116 1517 4190 imbuant
1573 4115 2143 4211 hauriantque
2216 4135 2569 4206 errores,

320 4238 635 4337 quibus
668 4238 791 4313 illi
832 4239 984 4314 sub
1025 4241 1215 4314 fuco
1258 4241 1715 4315 verborum
1755 4247 1839 4315 et
1881 4260 2264 4315 sermone
2322 4237 2574 4336 saepe
