3332 5100
1258 351 1612 415 -201—

332 513 501 568 vera
529 493 877 583 Concilia,
907 519 1076 565 num
1131 500 1442 583 denique
1474 505 1859 584 utrumque
1907 498 2119 564 simul
2152 497 2550 565 extiterint.

497 610 641 672 Alii
673 628 834 672 cum
895 608 1367 673 Thomassino
1432 608 1550 691 (1),
1616 607 1997 672 historiam
2052 609 2369 690 patriam
2431 624 2554 689 pa·

328 732 479 778 rum
535 720 663 780 aut
731 717 909 780 nihil
972 720 1498 797 cognoscentes
1563 720 1636 779 et
1689 716 1877 780 futili
1924 716 2555 797 argumentatione

330 822 623 904 suffulti,
663 823 1108 887 contendunt
1133 822 2013 905 Hispanicapraesertim
2046 840 2223 888 vero
2272 821 2556 886 Toleta-

328 946 416 992 na
450 928 775 994 Concilia
809 930 1030 994 fuisse
1065 946 1248 994 vera
1288 927 1611 1012 Comitia,·
1637 930 1765 993 alii
1799 947 1974 994 cumo
2008 929 2167 994 DD.
2226 929 2269 994 J
2276 929 2560 993 oachim

328 1038 711 1100 Francisco
751 1036 1078 1100 Pacheco
1136 1035 1231 1120 (2)
1288 1042 1361 1100 et
1406 1035 1767 1119 Josephus
1823 1035 1917 1100 M.
1989 1034 2410 1118 Antequera
2462 1035 2559 1116 (3)

330 1144 743 1207 existimant
777 1147 1054 1226 septem
1088 1143 1322 1224 prima
1357 1142 1713 1207 Toletana
1771 1140 2098 1207 Concilia
2154 1142 2334 1206 talia
2397 1159 2559 1207 cen-

328 1252 549 1314 senda
583 1270 767 1328 esse,
803 1251 892 1314 ab
927 1249 1100 1315 VIII
1134 1267 1311 1314 vero
1344 1250 1418 1313 in
1448 1236 1701 1314 coetus
1754 1250 2092 1332 politicos
2148 1249 2557 1331 devenisse3

328 1360 651 1420 nonnulli
687 1376 849 1422 cum
901 1356 1136 1421 Illmo.
1211 1354 1481 1420 Gomez
1533 1355 1836 1420 Salazar
1897 1356 2259 1439 Episcopo
2309 1357 2558 1439 Legio-

328 1466 527 1528 nensi
565 1470 637 1528 et
673 1465 979 1529 Domino
1018 1463 1401 1529 Vincentio
1437 1462 1524 1527 de
1582 1463 1657 1526 la
1713 1462 1991 1527 Fuente
2024 1464 2121 1547 (4)
2186 1465 2561 1527 autumant

330 1572 936 1634 celebratissimos
974 1568 1392 1635 Conventus
1455 1569 1846 1633 Toletanos
1913 1570 2249 1651 proprius
2310 1576 2561 1652 putan-

330 1676 450 1738 dos
501 1694 663 1740 esse
703 1678 930 1740 veluti
994 1674 1303 1742 Concilia
1367 1677 1608 1761 Reqia,
1672 1675 1810 1739 hoc
1870 1686 2003 1758 est,
2050 1683 2297 1740 coetus
2354 1675 2566 1739 simul

330 1784 863 1846 ecclesiasticos
899 1790 973 1845 et
1001 1783 1443 1876 civilesrnos
1475 1799 1652 1846 vero
1712 1799 1874 1845 cum
1940 1782 2423 1846 eruditissimo
2482 1781 2561 1845 P.

328 1888 669 1970 Magistro
729 1890 1044 1953 Henrico
1100 1889 1358 1953 Florez
1426 1889 1520 1973 (5)
1587 1891 1978 1953 asserimus
2045 1890 2175 1954 has
2238 1890 2565 1954 celebres

328 1996 851 2078 Episcoporum
885 1999 1410 2061 associationes
1448 1997 1642 2079 apud
1688 1997 1934 2062 Urbem
1983 1999 2245 2084 reyiam
2278 1997 2566 2061 habitas

334 2104 639 2172 Concilia
665 2112 819 2168 vere
849 2107 1312 2170 ecclesiastica
1349 2108 1703 2171 extitisse.

501 2212 591 2276 Et
627 2214 803 2276 sane
839 2230 1086 2277 omnes
1112 2231 1257 2294 reS,
1289 2213 1378 2277 de
1415 2216 1670 2296 quibus
1702 2215 1777 2278 in
1805 2213 2007 2278 hisce
2071 2213 2395 2278 coetibus
2452 2228 2566 2276 ac-

330 2324 473 2382 tum
511 2332 647 2400 est,
689 2322 980 2385 fuerunt
1013 2321 1701 2404 vel-ecclesiasticae,
1739 2322 1862 2387 vel
1896 2322 2152 2404 civiles,
2217 2322 2340 2386 vel
2394 2322 2568 2385 mix-

332 2434 462 2510 tae,
493 2430 581 2492 de
617 2432 839 2494 sac-ris
867 2435 940 2492 et
967 2429 1454 2512 spiritualibus
1500 2428 1998 2493 disseruerunt
2053 2429 2309 2492 Patres
2366 2427 2570 2492 Tole-

332 2540 479 2598 tani
515 2550 885 2618 tamquam
941 2536 1287 2620 Episcopi
1345 2538 1642 2620 optimo,
1705 2537 2002 2620 proprio
2070 2542 2141 2600 et
2192 2536 2566 2603 exclusivo

326 2644 509 2725 jure,
545 2650 717 2726 quia
745 2648 1063 2726 ipsorum
1081 2645 1382 2727 judiciO,
1423 2646 1811 2709 decissioni
1867 2652 1941 2709 et
1994 2644 2415 2708 auctoritati
2450 2645 2568 2708 ob-

332 2754 547 2815 noxia
587 2764 819 2815 erant:
857 2754 1059 2816 rebus
1123 2753 1443 2816 civilibus
1510 2751 1603 2815 ad
1669 2754 1897 2817 vitam
1959 2769 2237 2834 regum,
2304 2767 2572 2832 poena-

334 2859 968 2922 ruminflixionem
1028 2860 1341 2922 maxime
1376 2860 1466 2923 ob
1504 2860 1779 2923 crimen
1841 2860 2286 2950 rebellionis,
2347 2857 2566 2922 nomi·

334 2969 705 3031 nationem
761 2967 1109 3051 judicum,
1170 2973 1255 3031 -ut
1320 2968 1710 3050 plurimum
1776 2969 2276 3051 spectantibus
2343 2966 2572 3032 veluti

336 3073 677 3157 Episcopi
711 3083 783 3137 et
817 3076 1044 3157 Regni
1093 3075 1473 3157 Magnates
1538 3094 1671 3141 sua
1726 3078 2057 3158 scientia,
2111 3076 2441 3158 potentia
2499 3078 2572 3138 et

336 3181 753 3245 interventu
807 3183 1004 3246 certo
1068 3185 1238 3246 totis
1301 3184 1578 3248 viribus
1634 3186 2052 3249 incumbere
2115 3165 2568 3263 studuerunt3

338 3291 458 3351 sed
499 3291 637 3353 hoc
673 3297 1138 3371 peragerunt,
1176 3291 1282 3353 ita
1344 3292 1755 3355 volentibus
1814 3299 1886 3356 et
1941 3292 2336 3356 nitentibus
2398 3290 2572 3373 ipsis

340 3395 769 3479 MonarchiS,
807 3406 879 3460 et
903 3415 1035 3479 pro
1065 3397 1336 3461 tuenda
1368 3416 1685 3480 persona
1710 3399 2011 3481 Regum,
2052 3400 2345 3482 publica
2392 3414 2574 3480 pace

344 3505 787 3569 asservanda
823 3510 893 3567 et
918 3505 1212 3569 natione
1242 3505 1773 3589 constituenda,
1813 3511 2031 3588 atque
2097 3522 2260 3569 cum
2324 3504 2576 3568 libenti

481 3711 499 3769 s
509 3713 559 3779 1)
645 3709 807 3763 Vetas
833 3712 886 3763 et
904 3706 1060 3763 Nova
1090 3708 1365 3763 Ecclesiae
1383 3708 1717 3777 Disciplina.

477 3785 549 3847 (2)
625 3782 924 3849 Ejusmodi
950 3783 1193 3848 scriptor
1239 3785 1297 3833 in
1348 3782 1709 3852 praeambulo
1764 3781 2297 3846 Commentariorum,
2324 3794 2469 3846 quae
2516 3779 2578 3832 in

344 3851 545 3905 Forum
573 3855 609 3909 J
617 3857 843 3907 udicum
891 3853 1086 3920 edidit,
1137 3855 1502 3920 praejudiciis
1529 3854 1801 3921 abreptus
1845 3863 1903 3907 et
1952 3858 2194 3920 vestigia
2245 3854 2468 3906 Mariua
2520 3859 2578 3904 et

348 3925 605 3991 Sempere
633 3942 877 3993 sequens
903 3927 974 3977 de
1021 3925 1290 3978 Conciliis
1335 3928 1621 3978 Toletanis
1663 3929 1941 3993 judicium
1988 3942 2285 3980 erroneum
2328 3927 2387 3976 et
2428 3938 2580 3991 egre·

348 3997 448 4059 giis
475 4005 607 4049 tunc
631 4000 903 4063 temporis
933 3997 1228 4064 Episcopis
1255 3999 1591 4065 injuriosum
1615 4000 1840 4050 emittit.

481 4073 553 4133 (3,
627 4069 878 4123 Historia
905 4068 968 4120 de
991 4069 1050 4121 la
1070 4066 1413 4136 Leqislacio'n
1439 4067 1740 4135 Espanola.

352 4207 406 4259 E
485 4141 559 4207 (4)
631 4141 914 4195 Lecciones
938 4140 1001 4194 de
1023 4138 1340 4209 Disciplina
1378 4138 1737 4197 Eclesidstica
1784 4139 2023 4197 General
2070 4159 2108 4213 y
2154 4139 2479 4196 Particular
2517 4140 2580 4197 de

404 4219 589 4277 spaiia.
2355 4233 2390 4251 Q

489 4285 563 4353 gb)
631 4285 861 4357 Espana
887 4284 1160 4355 Sumenda,
1180 4292 1314 4341 tom.
1345 4290 1394 4353 6,
1420 4301 1546 4355 pag.
1573 4285 1658 4341 37.
