3332 5100
1289 368 1644 431 —359-

345 518 583 587 temus,
613 510 733 573 sed
762 512 943 587 quod
970 528 1197 573 rerum
1226 514 1653 588 publicarum
1695 513 1943 573 tutiora
1974 512 2060 572 ab
2095 512 2590 575 offensionibus

344 594 593 655 itinera
628 610 709 653 ac
758 594 1057 653 firmiora
1106 594 1550 653 fundamenta
1600 596 1952 653 vellemus:
2010 594 2214 669 idque
2271 595 2592 655 incolumi

349 676 742 751 populorum
773 690 1099 749 germana
1142 675 1481 749 libertate3
1535 676 1601 733 in
1636 674 2017 734 hominibus
2070 675 2248 734 enim
2278 681 2493 735 mater
2525 682 2594 735 et

348 763 573 815 custos
602 755 854 828 optima
882 755 1219 813 libertatis
1248 756 1502 815 veritas
1548 762 1670 813 est:
1706 757 1950 814 veritas
1982 755 2278 814 liberabit
2313 772 2423 814 vos
2470 755 2587 834 (1).

504 835 745 909 Itaque
774 835 844 894 in
877 842 1013 893 tam
1044 836 1309 893 difficili
1332 851 1559 894 rerum
1584 851 1811 908 cursu,
1843 836 2165 895 catholici
2195 836 2518 908 homin-is,·
2535 835 2592 893 si

346 914 503 988 Noe,
538 922 611 973 ut
642 921 925 989 oportet,
960 916 1321 987 audierint,
1353 915 1559 975 facile
1607 916 1937 975 videbunt
1972 932 2145 989 quae
2195 932 2318 975 sua
2371 917 2592 975 culus-

350 1011 479 1069 que
510 996 643 1054 sint
675 1001 811 1053 tam
841 996 912 1053 in
967 996 1403 1073 opinionibus,
1455 1012 1656 1069 quam
1703 996 1772 1053 in
1798 996 2004 1072 factis
2056 996 2474 1054 officia.-Et
2523 996 2594 1054 in

351 1076 685 1149 opinando
718 1075 1012 1149 quidem,
1075 1092 1542 1149 quaecumque
1600 1076 1960 1135 Pontifices
2007 1076 2274 1135 romani
2301 1076 2594 1135 tradide-

350 1156 484 1214 rint
512 1157 625 1215 vel
658 1156 975 1213 tradituri
1004 1162 1181 1230 sunt,
1221 1157 1490 1231 singula
1522 1172 1803 1216 necesse
1833 1164 1937 1215 est
1966 1162 2034 1214 et
2065 1162 2298 1215 tenere
2333 1155 2594 1215 iudicio

351 1236 581 1295 stabili
635 1237 1143 1309 comprehensa,
1211 1242 1279 1294 et
1332 1237 1577 1310 palam,
1632 1237 1898 1311 quoties
1955 1252 2066 1295 res
2123 1236 2592 1311 postulaverit,

348 1316 669 1391 profiteri.
704 1316 802 1375 Ac
832 1317 1225 1375 nominatim
1254 1317 1338 1375 de
1368 1317 1472 1390 iis,
1510 1332 1678 1391 quas
1717 1318 2045 1377 libertates
2070 1325 2323 1376 vocant
2371 1316 2594 1375 novis·

351 1396 516 1455 simo
548 1400 845 1469 tempore
875 1397 1240 1470 quaesitas,
1276 1403 1539 1471 oportet
1582 1396 2011 1471 Apostolicae
2041 1396 2236 1457 Sedis
2265 1405 2448 1456 stare
2499 1397 2597 1457 iu.-

352 1476 549 1547 dicio‚
586 1482 653 1535 et
709 1476 889 1549 quod
915 1477 1063 1551 ipsa
1115 1478 1422 1550 senserit,
1461 1478 1640 1535 idem
1677 1478 1929 1537 sentire
1967 1478 2288 1553 singulos.
2341 1475 2596 1537 Caven-

352 1558 531 1630 dum,
564 1574 649 1615 ne
701 1572 901 1629 quem
932 1557 1129 1615 fallat
1176 1558 1459 1615 honesta
1486 1558 1758 1616 illarum
1813 1558 2096 1631 species:
2133 1558 2596 1633 cogitandum-

354 1653 483 1711 que
534 1637 779 1710 quibus
811 1645 997 1695 ortae
1028 1638 1213 1695 initis
1241 1645 1309 1695 et
1338 1636 1581 1711 quibus
1618 1638 1872 1711 passim
1902 1644 2364 1697 sustententur
2393 1645 2598 1711 atque

353 1718 622 1775 alantur
652 1718 912 1776 studiis.
950 1716 1127 1776 Satis
1159 1717 1292 1775 iam
1323 1724 1425 1775 est
1452 1718 1866 1791 experiendo
1909 1718 2276 1793 cognitum,
2312 1733 2601 1792 quarum

353 1798 511 1856 illae
543 1813 770 1856 rerum
806 1798 1195 1856 effectrices
1256 1797 1489 1856 sintin
1524 1798 1828 1857 civitate:
1891 1814 2006 1856 eos
2058 1799 2306 1872 quippe
2350 1798 2601 1872 passim

355 1893 652 1953 genuere
676 1878 959 1950 fructus,
996 1893 1278 1951 quorum
1308 1878 1551 1951 probos
1580 1878 1764 1936 viros
1795 1883 1862 1937 et
1893 1878 2234 1951 sapientes
2267 1879 2415 1938 iure
2446 1894 2600 1952 poe.-

355 1957 753 2016 niteat.--Si
783 1958 939 2016 talis
968 1958 1222 2017 alicubi
1268 1964 1383 2017 aut
1434 1973 1676 2032 reapse
1707 1958 1816 2031 sit,
1852 1964 1970 2017 aut
1998 1958 2295 2034 fingatur
2345 1958 2599 2034 cogita·

356 2038 535 2097 tione
568 2037 813 2096 civitas
866 2054 1039 2112 quae
1083 2038 1527 2099 christianum
1587 2054 1831 2097 nomen
1858 2038 2231 2098 insectetur
2279 2046 2600 2113 proterve

357 2126 425 2177 et
447 2118 831 2193 tyrannice,
858 2134 1012 2178 cum
1039 2121 1257 2191 eaque
1287 2118 1682 2177 conferatur
1710 2134 1930 2194 genus
1954 2118 2026 2176 id
2051 2119 2475 2193 reipublicae
2497 2134 2600 2177 re·

358 2214 539 2271 cene,
568 2198 652 2256 de
684 2214 815 2271 quo
850 2198 1209 2272 loquimur,
1247 2200 1494 2273 poterit
1524 2199 1650 2258 hoc
1683 2199 1905 2257 videri
1935 2200 2380 2259 tolerabilius
2411 2198 2600 2258 Prin·

357 2279 537 2354 cipia
567 2285 815 2351 tamen,
848 2280 1095 2353 quibus
1144 2279 1403 2351 nititur,
1440 2286 1595 2338 sunt
1647 2280 1951 2353 profecto
2007 2279 2357 2353 eiusmodi,
2421 2279 2599 2339 sicut

357 2366 515 2419 ante
544 2358 861 2431 diximus,
896 2365 969 2417 ut
999 2375 1120 2433 per
1140 2375 1216 2417 se
1247 2359 1393 2433 ipsa
1422 2360 1699 2433 probari
1727 2359 1981 2419 nemini
2015 2360 2332 2419 debeant.

516 2437 746 2497 Potest
801 2446 1026 2498 autem
1074 2447 1190 2499 aut
1214 2440 1289 2497 in
1335 2440 1619 2513 privatis
1651 2440 2173 2514 domesticisque
2223 2440 2450 2513 rebus,
2487 2400 2606 2499 aut

357 2520 429 2580 in
456 2519 747 2594 publicis
798 2520 974 2580 actio
1029 2520 1313 2580 versari.
1324 2520 1731 2579 -Privatim
1789 2520 2060 2594 quidem
2119 2521 2439 2596 primum
2461 2518 2602 2578 offl-

359 2601 538 2658 cium
565 2607 668 2659 est
723 2602 1104 2675 praeceptis
1136 2601 1555 2676 evangelicis
1594 2601 2114 2675 diligentissime
2174 2601 2603 2660 conformare

358 2681 572 2740 vitam
602 2687 669 2739 et
698 2697 937 2754 morse,
971 2697 1099 2740 nec
1140 2697 1458 2740 recusare
1490 2682 1546 2738 si
1577 2682 1741 2755 quid
1797 2681 2170 2740 christiana
2215 2681 2434 2739 virtus
2463 2681 2606 2738 exi·

360 2768 481 2836 gat
529 2762 617 2819 ad
647 2762 1039 2835 patiendum
1085 2763 1643 2835 tolerandumque
1680 2761 1880 2835 paulo
1936 2761 2307 2821 difficilius.
2339 2761 2607 2819 Debent

360 2847 715 2916 praeterea
773 2842 1024 2916 singuli
1070 2843 1446 2900 Ecclesiam
1502 2843 1599 2900 sic
1658 2841 1968 2916 diligere,
2049 2847 2125 2900 ut
2187 2855 2608 2906 communem

360 2928 667 2980 matrem:
702 2921 981 2996 eiusque
1017 2929 1085 2981 et
1128 2938 1403 2980 servare
1449 2922 1846 2980 obedienter
1868 2922 2076 2997 leges,
2105 2929 2173 2980 et
2202 2921 2438 2980 honori
2469 2935 2608 2979 ser-

361 3002 532 3075 vire,
581 3008 649 3060 et
687 3002 835 3061 iura
866 3004 1057 3061 salva
1106 3003 1306 3061 velle:
1340 3003 1732 3076 conarique,
1767 3013 1840 3060 ut
1870 3003 1954 3060 ab
1985 3002 2090 3075 iis,
2125 3001 2196 3059 in
2226 3017 2390 3074 quos
2427 3001 2605 3073 qnis-
2635 3061 2649 3067 „

364 3098 495 3156 que
524 3083 784 3156 aliquid
832 3082 1237 3142 auctoritate
1296 3088 1537 3157 potest,
1599 3083 1747 3156 pari
1799 3083 2051 3156 pietate
2109 3082 2372 3140 colatur
2404 3087 2608 3154 atque

364 3163 912 3222 ametur.—Illud
944 3163 1147 3221 etiam
1177 3163 1491 3237 publicae
1522 3162 1759 3221 salutis
1787 3162 2092 3235 interest,
2131 3162 2218 3221 ad
2244 3176 2471 3220 rerum
2500 3176 2608 3220 ur·

362 3243 695 3302 banarum
748 3243 1401 3302 administrationem
1459 3243 1770 3302 conferre
1799 3243 2144 3317 sapienter
2195 3257 2490 3318 operam:
2536 3241 2612 3300 in

365 3325 582 3396 eaque
614 3325 886 3382 studere
915 3324 1208 3383 maxime
1238 3330 1305 3381 et
1341 3323 1635 3396 efficere,
1668 3329 1743 3382 ut
1799 3323 2344 3382 adolescentibus
2389 3321 2484 3380 ad
2508 3336 2613 3380 re·

368 3404 713 3478 ligionem,
772 3405 860 3463 ad
909 3405 1153 3477 probos
1218 3420 1437 3463 mores
1486 3404 1934 3462 informandis
1985 3420 2066 3462 ea
2127 3403 2414 3474 ratione,
2449 3417 2612 3476 qua

368 3499 659 3557 aequum
691 3491 793 3542 est
849 3484 1259 3556 christianis,
1312 3484 1583 3558 publice
1642 3485 2023 3544 consultum
2067 3483 2176 3542 sit:
2229 3483 2476 3557 quibus
2523 3497 2614 3540 ex

270 3574 279 3578 ·
367 3564 572 3622 rebus
632 3579 1045 3640 magnopere
1106 3565 1357 3637 pendet
1416 3563 1837 3638 singularum
1897 3564 2078 3622 salus
2150 3563 2612 3622 civitatum.—

367 3644 537 3703 Item
572 3645 1057 3703 catholicorum
1112 3644 1453 3703 hominum
1483 3659 1757 3716 operam
1805 3659 1894 3702 ex
1938 3645 2065 3702 hoc
2097 3649 2440 3716 tamquam
2495 3657 2609 3700 an·-

371 3724 673 3799 gustiore
706 3740 942 3798 campo
984 3725 1252 3797 longius
1280 3739 1670 3796 excurrere,
1706 3723 2059 3798 ipsamque
2087 3737 2415 3782 summam
2437 3736 2612 3780 rem·

370 3804 714 3879 publicam
758 3805 1141 3878 complecti,
1204 3804 1583 3879 generatim
1618 3804 1785 3862 utile
1830 3810 1931 3862 est
1987 3809 2192 3876 atque
2236 3803 2612 3861 honestum.

376 3883 753 3945 Generatim
782 3900 860 3943 eo
892 3885 1198 3960 dicimuS,
1229 3886 1390 3958 quia
1432 3885 1601 3942 haec
1658 3890 2026 3959 praecepta
2081 3882 2326 3941 Nostra
2377 3886 2616 3957 gentes

370 3965 725 4025 universas
771 3965 1136 4038 attingunt.
1192 3962 1504 4023 Ceterum
1550 3969 1774 4038 potest
1825 3961 2080 4022 alicubi
2123 3962 2482 4034 accidere,-
2518 3967 2615 4036 ut,

370 4045 687 4104 maximis
720 4044 1242 4118 iustissimisque
1276 4045 1362 4104 de
1394 4045 1641 4118 causis,
1687 4044 2180 4120 rempublicam
2233 4056 2614 4116 capessere,

371 4126 445 4186 in
501 4125 1029 4199 muneribusque
1096 4125 1391 4200 politicis
1455 4124 1740 4200 versari,
1801 4138 2238 4200 nequaquam
2273 4121 2617 4199 expediat.

519 4291 601 4366 (1)
677 4293 840 4352 Ioan.
866 4291 1017 4357 VIII,
1043 4295 1130 4351 32.
