3332 5100
1702 361 2014 424 ...00-

739 513 1102 595 potestate
1150 510 1244 575 ab
1275 510 1433 594 ipso
1494 507 1782 576 Christo
1838 509 2174 591 accepta,
2234 506 2548 574 Summos
2597 507 2989 596 Pontifices,

740 619 1050 702 denique
1082 617 1467 704 Episcopus
1497 615 1571 680 in
1627 613 1972 680 Conciliis
2031 617 2542 718 congregatos,
2601 613 2826 679 Juxta
2879 632 2990 678 se·-

740 725 1051 792 cundam
1084 742 1261 792 vero
1297 721 1823 805 acceptionem,
1855 720 1992 787 hoc
2019 725 2154 805 est,
2187 726 2402 804 prout
2428 721 2667 786 fontes
2703 737 2794 785 ea
2823 722 2996 787 loca

741 833 1091 898 denotant
1114 832 1189 896 in
1216 831 1473 915 quibus
1498 830 1701 912 leges
1726 829 2195 894 inveniuntur
2225 832 2298 894 et
2331 828 2522 893 unde
2558 833 2993 912 argumenta

742 944 815 1004 et
847 939 1317 1023 probationes
1352 937 1824 1002 desumuntur
1855 953 1989 1019 pro
2037 936 2257 1001 rebus
2305 935 2678 1000 canonicis
2728 935 2990 1000 conflr-

742 1044 1047 1126 mandis,
1079 1047 1390 1128 quatuor
1420 1043 1640 1107 etiam
1666 1047 2141 1106 numerantur
2165 1041 2579 1106 ecclesiasti
2615 1041 2800 1123 juris
2831 1042 2990 1106 fon-

740 1158 875 1236 teS,
893 1153 1261 1234 videlicet,
1280 1151 1502 1218 Sacra
1522 1151 1912 1235 Scriptura,
1943 1151 2283 1233 Traditio,
2306 1149 2958 1236 ConstitutioneessRo
2973 1187 2990 1198 ·

742 1281 1105 1328 manorum
1137 1259 1545 1346 Pontificum
1580 1263 1653 1322 et
1691 1257 1998 1325 Oanones
2035 1257 2496 1330 Conciliorum
2533 1259 2986 1345 yeneralium3

740 1368 1081 1451 quoniam
1110 1385 1197 1431 ea
1225 1365 1466 1431 omnia
1492 1382 1680 1452 quae
1711 1363 2026 1432 Christus
2051 1366 2395 1433 Dominus
2416 1365 2658 1430 docuit
2679 1370 2754 1429 et
2778 1382 2986 1448 prae-

742 1474 963 1558 cepit,
1001 1490 1289 1557 quaeve
1321 1471 1633 1558 Apostoli
1670 1472 2150 1547 tradiderunt,
2201 1472 2276 1537 in
2329 1471 2556 1538 Sacra
2611 1470 2994 1554 Scriptura

740 1584 863 1649 vel
889 1581 1315 1648 Traditione
1348 1584 1764 1660 servantum
1806 1597 1993 1664 quae
2041 1583 2282 1645 autem
2317 1597 2362 1644 a
2393 1577 2761 1662 Supremis
2809 1581 2992 1646 Pon-

744 1692 1054 1778 tificibus,
1092 1692 1221 1753 aut
1254 1689 1346 1754 ab
1381 1689 1751 1774 Episcopis
1784 1687 2067 1753 sancita
2100 1691 2290 1769 sunt,
2327 1687 2401 1752 in
2445 1685 2990 1752 Constitutioni-

742 1798 875 1863 bus
907 1796 1359 1862 Summorum
1392 1794 1822 1860 Pontificum
1848 1797 1920 1859 et
1949 1794 2024 1858 in
2051 1791 2464 1859 Canonibus
2499 1791 2994 1858 conciliorum

742 1905 1195 1988 generalium
1233 1905 1719 1969 continentur.

922 2013 1030 2077 72.
1131 2011 1521 2095 Comperta
1554 2014 1772 2093 atque
1805 2011 2134 2076 omnibus
2169 2010 2556 2092 explorata
2605 2011 2716 2074 est
2773 2005 2994 2090 gene-

743 2117 921 2182 ralis
954 2117 1225 2183 Sacrae
1259 2116 1680 2199 Scripturae
1715 2116 1976 2182 divisio
2012 2117 2086 2181 in
2126 2118 2327 2182 Vetas
2362 2123 2436 2182 et
2457 2117 2728 2182 Novam
2759 2116 2992 2181 Testa·

743 2234 1071 2308 mennam,-
1105 2226 1333 2291 Vetus
1366 2242 1489 2290 eos
1524 2224 2033 2307 complectitur
2065 2224 2289 2290 libros
2325 2223 2466 2307 (45)
2525 2223 2619 2288 ad
2671 2223 2908 2305 legem
2943 2241 2994 2288 a

744 2332 995 2414 Moyse
1029 2333 1563 2415 promulgatam
1598 2336 1674 2397 et
1705 2331 1799 2396 ad
1831 2331 1873 2396 J
1881 2331 2273 2397 udaeorum
2320 2349 2775 2415 synagogam
2830 2348 2993 2414 spe-

744 2441 1055 2521 ctante-‘³3
1092 2439 1375 2505 Novum
1409 2443 1652 2504 autem
1687 2456 1810 2503 eos
1843 2438 1982 2523 (27)
2018 2440 2341 2504 continet
2375 2438 2467 2505 ad
2515 2439 2752 2522 legem
2789 2435 2992 2503 Chri-

742 2547 839 2615 sti
866 2546 1156 2613 Domini
1184 2552 1403 2630 atque
1438 2545 1531 2611 ad
1562 2545 1969 2612 Ecclesiam
2002 2546 2452 2630 pertinentes
2485 2545 2608 2631 (1).

924 2655 1149 2720 Vetus
1176 2655 1718 2719 Testamentum
1753 2652 1983 2718 tribus
2011 2658 2568 2737 praeceptorum
2597 2652 2994 2737 generibus

746 2766 1057 2844 constat,
1092 2764 1491 2845 moralibus,
1526 2763 2142 2829 caeremonialibus
2173 2768 2244 2827 et
2251 2763 2750 2849 judicialibas;
2780 2778 2992 2844 prae·

743 2872 960 2952 cepta
993 2870 1292 2935 moralia
1326 2869 1401 2933 in
1432 2869 1670 2935 veteri
1701 2864 2171 2934 Testamento
2210 2868 2516 2951 tradita,
2581 2868 2770 2932 sicut
2829 2867 3000 2950 ipsa

740 2978 863 3041 lex
894 2976 1276 3058 naturalis,
1318 2994 1464 3059 qua
1495 2975 1928 3058 innituntur,
1971 2993 2260 3059 semper
2295 2976 2552 3059 vigent
2597 2979 2815 3058 atque
2861 2974 2996 3039 im-

742 3083 1123 3149 mutabilia
1140 3100 1437 3166 prorsus
1468 3084 1889 3163 manebunt,
1907 3088 2300 3167 eapropter
2313 3081 2638 3149 Christus
2669 3101 2815 3147 non
2834 3099 2994 3147 sus-

743 3190 910 3254 tulit
936 3190 1057 3255 vel
1097 3190 1491 3272 relaxavit,
1530 3177 1659 3255 sed
1691 3191 1962 3256 clarius
2017 3191 2320 3273 evolvit,
2361 3190 2991 3273 confirmavitque:

744 3303 1145 3380 praecepta
1180 3299 1740 3379 caeremonialia,
1779 3316 1972 3381 quae
2009 3297 2332 3364 divinum
2381 3298 2678 3379 cultum,
2715 3297 2996 3363 sacrifi-

747 3404 888 3486 cia,
928 3421 1177 3468 sacros
1210 3406 1415 3486 ritus,
1453 3421 1738 3469 necnon
1786 3405 2156 3488 publicum
2223 3402 2660 3489 Synagogae
2722 3408 2998 3471 statum

749 3512 1051 3596 ejusque
1086 3511 1587 3578 Sacerdotium
1611 3513 2072 3595 regulabant,
2109 3514 2470 3595 abrogata
2496 3514 2726 3593 fuere,
2758 3529 2986 3595 quan-

749 3620 841 3685 do
878 3618 1381 3686 Sacerdotium
1414 3621 1848 3685 translatum
1875 3625 2009 3703 est,
2049 3624 2122 3685 et
2152 3638 2421 3687 novum
2446 3621 3004 3686 Testamentum

749 3732 981 3795 morte
1011 3727 1415 3793 Testatoris
1442 3727 1926 3810 obsignatum:
1958 3727 2244 3793 demum
2270 3730 2673 3811 praecepta
2675 3728 3000 3815 judicia·

748 3838 872 3920 lia,
900 3854 1088 3919 quae
1134 3835 1425 3902 civilem
1462 3836 1964 3902 Hebraeorum
2024 3836 2358 3921 politiam
2413 3834 2994 3920 constituebant,

750 3944 961 4009 irrita
993 3946 1193 4010 facta
1218 3946 1409 4027 sunt,
1447 3947 1862 4028 postquam,
1889 3943 2274 4028 repudiata
2313 3943 2734 4029 Synagoga,
2772 3944 3004 4009 omni-

892 4161 966 4221 (1)
1037 4159 1368 4212 Tridentina
1393 4158 1657 4225 Synodus
1695 4162 1954 4212 recenset
2002 4173 2203 4212 omnes
2241 4158 2584 4213 nominatim
2621 4158 2769 4213 Sese.
2797 4158 2907 4225 IV,
2938 4161 3006 4213 in

748 4230 1420 4357 ἓὲοἶέἑῧέιὲἰὲαηοηίοίε
1446 4229 1768 4299 Scripturis.
1796 4231 1965 4285 Cous.
2007 4232 2344 4299 Theologos,
2369 4229 2578 4299 quibus
2603 4231 2744 4283 haec
2771 4232 3004 4299 provin-
