3332 5100
1154 383 1508 441 —333-

376 521 644 581 XLVII.
732 523 1036 581 Postulat
1062 525 1310 597 optima
1340 525 1560 583 civilis
1598 525 1943 583 societatis
1973 527 2169 599 ratic,
2235 533 2308 585 ut
2339 541 2445 601 po-

210 603 486 677 pulares
544 605 840 675 scholae,
900 621 1072 677 quae
1110 611 1344 679 patent
1395 607 1703 663 omnibus
1755 609 2083 679 cujusque
2135 623 2171 665 e
2205 609 2449 681 populo

212 683 458 742 classis
492 685 742 757 pueris,
778 701 856 741 ac
888 685 1162 759 publica
1186 687 1555 745 universim
1596 687 1925 757 instituta,
1983 703 2155 759 quae
2205 689 2449 745 litteris

212 765 808 839 severioribusque
842 765 1218 839 disciplinis
1252 767 1596 825 tradendis
1620 775 1689 825 et
1731 767 2115 825 educationi
2133 769 2449 839 J'uventu-

214 845 300 901 tis
326 845 670 903 curandae
702 853 856 903 sunt
890 847 1246 918 destinata,
1286 849 1671 905 eximantur
1729 849 1815 905 ab
1867 849 2043 905 omni
2103 847 2447 905 Ecclesiae

215 925 646 997 auctoritate,
684 927 1128 983 moderatrice
1156 927 1222 983 vi
1254 935 1320 983 et
1350 927 1733 999 moerentia
1757 927 2089 1001 plenoque
2123 929 2343 985 civilis
2369 945 2447 985 ao

212 1005 536 1079 politicae
570 1007 994 1065 auctoritatis
1042 1007 1322 1065 arbitrio
1354 1009 1825 1099 subjiciantur,
1861 1009 1947 1065 ad
1977 1009 2451 1079 imperantium

212 1086 470 1159 placita
498 1093 562 1141 et
594 1087 680 1143 ad
710 1089 1160 1145 communium
1180 1089 1422 1145 aetatis
1448 1089 1835 1161 opinionum
1867 1089 2183 1147 amussim
2211 1089 2325 1167 (1).

376 1165 680 1225 XLVIII.
770 1165 1132 1225 Catholicis
1164 1169 1328 1227 viris
1364 1169 1632 1241 probaii
1685 1177 1903 1239 potest
1957 1185 2037 1227 ea
2073 1169 2451 1241 juventutis

214 1245 680 1305 instituendae
710 1249 906 1319 ratic,
936 1265 1108 1321 quae
1142 1249 1226 1306 sit
1250 1267 1288 1305 a
1322 1249 1655 1307 catholica
1687 1251 1817 1307 fide
1865 1257 1929 1305 et
1959 1251 2045 1307 ab
2105 1249 2449 1307 Ecclesiae

214 1333 554 1399 potestate
600 1329 928 1401 sejuncta,
988 1345 1296 1401 quaeque
1348 1345 1572 1387 relum
1634 1331 1989 1387 dumtaxat
2043 1331 2453 1389 naturalium

214 1408 576 1465 scientiam
606 1425 686 1465 ac
722 1415 1032 1467 terrenae
1062 1409 1338 1467 socialis
1384 1411 1566 1467 vitae
1618 1410 1783 1469 fines
1837 1411 2291 1469 tantummodo
2341 1411 2445 1469 vel

214 1489 460 1545 saltem
484 1489 802 1559 primario
826 1495 1086 1563 spectet
1113 1489 1226 1567 (2).

292 1567 538 1627 XLIX.
600 1567 830 1627 Civilis
860 1571 1228 1629 auctoritas
1254 1575 1470 1643 potest
1498 1571 1825 1643 impedire
1857 1571 2209 1643 quominus
2235 1587 2451 1629 sacro-

212 1665 366 1707 rum
400 1649 756 1707 Antistites
784 1655 850 1707 et
876 1651 1108 1707 fideles
1140 1651 1368 1725 populi
1396 1667 1548 1709 cum
1572 1651 1869 1709 Romano
1893 1651 2215 1709 Pontifice
2239 1651 2453 1709 libere

216 1747 296 1787 ac
322 1731 554 1787 mutuo
586 1731 1080 1787 communicent
1114 1731 1226 1809 (3).

379 1809 454 1867 L.
544 1809 748 1867 Laioa
812 1811 1180 1869 auctoritas
1236 1811 1440 1868 habet
1498 1827 1616 1883 per
1672 1827 1743 1869 se
1799 1813 1909 1885 jus
1973 1811 2453 1883 praesentandi

214 1891 610 1965 Episcopos,
650 1899 716 1947 et
742 1897 960 1965 potest
990 1893 1076 1949 ab
1128 1891 1262 1949 illis
1296 1891 1574 1965 exigere
1632 1899 1707 1949 ut
1757 1893 1989 1949 ineant
2039 1891 2453 1951 dioecesium

214 1971 764 2045 procurationem
794 1979 1134 2043 antequan
1162 1973 1290 2045 ipsi
1322 1973 1719 2029 eanonicam
1751 1989 1789 2029 a
1861 1971 1927 2031 S.
1965 1971 2137 2031 Sede
2191 1973 2453 2031 institu-

216 2053 472 2109 tionem
498 2059 564 2109 et
594 2051 1064 2125 Appostolicas
1098 2053 1360 2109 litteras
1394 2053 1739 2125 accipiant
1767 2053 1883 2131 (4).

382 2131 490 2189 LI.
580 2131 788 2189 Immo
820 2133 1069 2191 laicum
1100 2133 1504 2207 gubernium
1540 2133 1745 2191 habet
1769 2135 1879 2207 jus
1931 2133 2311 2207 deponendi
2371 2133 2457 2191 ab

218 2213 552 2269 exercitio
606 2213 964 2285 pastoralis
1020 2213 1378 2271 ministerii
1464 2213 1851 2287 EpiscopOS,
1917 2231 2135 2287 neque
2189 2221 2457 2271 tenetur

218 2293 500 2349 obedire
532 2293 828 2351 Romano
858 2293 1166 2353 Pontifici
1200 2295 1265 2351 iu
1300 2295 1376 2353 iis
1406 2311 1580 2367 quae
1610 2295 2119 2369 episcopatuum
2151 2301 2217 2351 et
2267 2295 2453 2367 Epis-

220 2390 544 2448 copcrum
574 2373 946 2446 respiciunt
980 2373 1470 2432 institutionem
1504 2375 1612 2452 (5).

382 2454 524 2511 LII.
614 2452 1030 2512 Gubernium
1062 2462 1280 2528 potest
1314 2472 1430 2514 suo
1454 2458 1608 2528 J'ure
1651 2456 2007 2514 immutare
2033 2462 2325 2514 aetatem
2365 2456 2449 2512 ab

216 2535 526 2592 Ecclesia
548 2534 1034 2608 praescriptam
1052 2552 1169 2608 pro
1184 2536 1502 2610 religiosa
1526 2546 1662 2592 tam
1681 2536 2033 2592 mulierum
2063 2552 2261 2608 quam
2287 2536 2459 2594 viro-

216 2632 370 2674 rum
402 2616 838 2688 professione,
880 2616 1320 2688 omnibusque
1372 2616 1709 2688 religiosis
1763 2616 2065 2672 Familiis
2123 2616 2453 2688 indicere,

218 2704 290 2754 ut
324 2696 662 2754 neminem
686 2696 828 2754 sine
856 2712 972 2754 suo
1002 2698 1330 2770 permissu
1362 2698 1446 2754 ad
1480 2698 1825 2754 solemmia
1874 2706 2031 2754 vota
2065 2714 2455 2772 nuncupan-

218 2778 305 2834 da
344 2776 704 2834 admittant
738 2776 850 2854 (6).

234 2874 236 2876 ’
384 2856 556 2914 LIII.
642 2858 1094 2930 Abrogandae
1156 2864 1310 2914 sunt
1368 2858 1554 2930 leges
1610 2872 1785 2948 quae
1845 2857 1933 2914 ad
1989 2856 2185 2928 iclig-,i
2196 2872 2345 2914 esar
2351 2874 2461 2914 um

220 2936 666 2994 Familiarum
690 2944 938 2996 statum
972 2938 1324 2994 tutandum
1356 2954 1723 3028 earumque
1749 2938 1905 3010 jura
1939 2944 2003 2992 et
2037 2938 2261 2994 officia
2317 2954 2459 3030 pel-

218 3018 468 3090 tinent3
502 3018 700 3074 immo
726 3024 944 3110 potest
968 3018 1170 3074 civile
1204 3018 1610 3090 gubetnium
1642 3018 1723 3074 iis
1777 3002 2085 3074 omuibus
2131 3018 2461 3074 auxilium

220 3106 602 3172 praestare,
640 3098 818 3170 quia
848 3104 1160 3170 suscepto
1192 3098 1550 3170 religiosae
1584 3098 1767 3154 vitae
1814 3098 2117 3154 instituto
2171 3100 2461 3154 deficere

220 3196 304 3236 ac
336 3180 662 3236 solemnia
692 3186 848 3236 vota
876 3178 1196 3252 frangere
1232 3178 1464 3252 velint3
1496 3178 1887 3250 pariterque
1921 3186 2157 3250 potest,
2193 3178 2461 3250 religio-

222 3274 346 3316 sas
368 3260 640 3316 easdem
672 3258 992 3318 Familias
1026 3258 1304 3330 perinde
1334 3276 1414 3314 ac
1454 3260 1853 3330 collegiatae
1881 3258 2221 3316 Ecclesiae
2259 3270 2323 3316 et
2352 3260 2461 3316 be-

220 3340 468 3396 neficia
494 3340 846 3412 simplicia,
884 3338 1086 3396 etiam
1114 3340 1286 3412 J’uris
1322 3346 1713 3412 patronatus
1739 3340 2005 3412 penitus
2031 3340 2457 3412 extinguere,

222 3422 496 3478 illorum
520 3420 696 3476 bona
728 3428 794 3476 et
826 3420 1082 3476 reditus
1116 3420 1336 3476 civilis
1366 3420 1717 3492 potestatis
1774 3420 2345 3478 administrationi
2399 3428 2463 3478 et

222 3500 508 3558 arbitrio
542 3500 880 3574 subjicere
906 3506 972 3558 et
1002 3500 1352 3557 vindicare
1382 3500 1498 3578 (7).

366 3732 444 3798 (1)
520 3734 700 3814 Epist.
732 3732 806 3784 ad
834 3730 1094 3798 Archiep.
1124 3732 1382 3798 Friburg.
1420 3730 1598 3798 Quum
1622 3748 1729 3786 non
1755 3732 1887 3800 siue,
1921 3734 1983 3784 14
2005 3732 2153 3800 junii
2179 3732 2331 3784 ise-l.

368 3804 446 3942 ((Ξί
516 3804 694 3928 {3133
694 3842 704 3856 ⁶
724 3872 980 3928 Maxima
1006 3874 1236 3942 quidem,
1268 3878 1296 3926 9
1316 3876 1464 3942 junii
1488 3878 1642 3926 1862.

368 3950 444 4014 (4)
514 3946 690 4000 Alloc.
720 3944 1168 4014 Nimquamfore,
1198 3946 1258 4000 15
1286 3946 1604 4000 decembris
1630 3948 1783 4000 1856.

370 4018 450 4084 (5)
520 4018 652 4072 Litt.
684 4020 884 4084 Apost.
912 4016 1252 4086 Multiplices
1276 4018 1438 4080 inter,
1464 4022 1526 4070 11)
1576 4020 1723 4086 junii
1755 4020 1909 4070 1851.
1953 4016 2129 4070 Alloo.
2171 4014 2465 4070 4661·ὺίεεὶ-

224 4106 376 4156 mun,
404 4090 468 4142 27
498 4090 840 4156 septembris
870 4092 1022 4142 1852.

362 4132 440 4228 ³(6)
514 4162 698 4214 Alloc.
728 4160 1026 4228 Nunquam
1044 4158 1196 4230 fore,
1228 4160 1294 4212 15
1320 4160 1638 4214 decembris
1669 4162 1823 4212 1856.

370 4234 442 4298 (7)
518 4232 696 4286 Alloc.
720 4232 1156 4298 Acerbissimum,
1184 4232 1248 4284 27
1278 4232 1620 4300 septembris
1650 4232 1803 4284 1852
1825 4230 1987 4286 Αὶίοο.
2017 4228 2195 4286 Probe
2217 4230 2467 4284 memine-

232 4304 372 4372 ritia
402 4308 466 4356 22
494 4306 742 4372 januarii
772 4308 924 4358 1855.
956 4304 1132 4356 Alloc.
1162 4302 1296 4358 Cam
1320 4320 1494 4372 saepe,
1521 4310 1586 4356 26
1612 4304 1741 4372 julii
1767 4304 1915 4356 1855.
