3332 5100
1323 388 1637 447 ...67-....

358 535 515 617 lege
576 533 1154 618 interpretanda,
1224 534 1353 599 sed
1416 530 1884 617 applicanda,
1951 536 2028 598 et
2091 536 2396 599 eatenus
2456 534 2600 618 ipsi

361 644 701 727 competit
765 644 1078 708 facultas
1142 643 1700 726 interpretandi,
1767 646 2126 726 quatenus
2191 642 2284 707 ad
2361 643 2600 725 legem

360 750 871 835 applicandam
907 749 1401 816 necessarium
1440 755 1550 815 est
1605 750 1958 832 judicium
2013 749 2103 814 de
2168 766 2346 814 vero
2403 749 2598 815 illius

358 876 594 939 sensu,
629 857 853 940 legali
886 858 1143 923 valore
1176 876 1321 923 non
1357 858 1608 941 pollet,
1639 859 1782 923 nisi
1814 858 2274 923 uniformitas
2300 856 2599 923 decisio·-

356 983 523 1029 num
556 964 840 1047 praxim
878 964 1125 1029 curiae
1158 963 1479 1046 inducat,
1512 965 1636 1031 vel
1669 966 1994 1030 tribunal
2026 980 2444 1047 supremum
2499 963 2598 1028 le·

357 1088 517 1153 gem
557 1088 1007 1137 communem
1040 1072 1589 1155 interpretetur;
1623 1072 1896 1138 idcirco
1921 1070 2334 1154 huJusmodi
2380 1071 2599 1135 inter·

354 1178 695 1261 pretatio,
720 1178 1025 1261 perinde
1049 1196 1139 1244 ac
1162 1180 1526 1244 sententia
1557 1183 1629 1245 et
1653 1198 1774 1245 res
1794 1181 2150 1262 Judicata‚
2183 1179 2374 1245 inter
2399 1178 2597 1243 solos

354 1285 726 1367 litigantes
753 1286 871 1366 jus
908 1285 1111 1365 facit,
1152 1285 1315 1351 aliis
1346 1302 1552 1368 vero,
1613 1287 1830 1368 Juxta
1862 1304 2026 1369 cap.
2089 1286 2170 1353 17
2223 1286 2305 1353 de
2337 1292 2505 1351 sent.
2539 1292 2604 1351 et

355 1413 426 1457 re
443 1392 773 1479 judicat„
807 1409 944 1456 nec
971 1395 1211 1473 nocet,
1250 1410 1386 1457 nec
1418 1392 1741 1474 prodest,
1779 1393 1920 1457 nisi
1953 1409 2222 1457 causae
2256 1391 2403 1457 sint
2435 1408 2600 1457 con·

353 1515 615 1563 nexae.
654 1499 1091 1564 Doctrinalis
1123 1516 1251 1563 seu
1273 1501 1588 1583 privata,
1622 1498 1797 1563 licet
1850 1499 2213 1564 interdum
2252 1499 2603 1563 moralem

354 1605 861 1671 certitudinem
899 1622 1165 1687 parere
1229 1608 1302 1669 et
1364 1606 1885 1688 obligationem
1941 1606 2286 1671 inducere
2345 1605 2598 1688 possit,

354 1730 485 1796 per
522 1730 599 1776 se
632 1714 881 1776 tamen
916 1712 1064 1778 vim
1120 1730 1267 1776 non
1302 1712 1523 1776 habet
1576 1713 2082 1778 introducendi
2143 1714 2370 1795 leges,
2431 1712 2601 1795 quia

353 1818 685 1883 omnibus
716 1822 923 1901 patet
977 1817 1466 1901 jurisperitos,
1536 1819 1864 1902 aliosque
1920 1821 2122 1886 viros
2164 1820 2439 1900 doctos,
2479 1818 2601 1901 qui

351 1926 637 2008 legibus
700 1926 1243 2007 canonibusque
1307 1925 1876 2007 interpretandis
1937 1944 2237 2009 operam
2292 1928 2596 2005 navant,

352 2032 793 2097 auctoritate
821 2032 1111 2096 minime
1137 2050 1296 2096 esse
1326 2032 1721 2115 praeditos;
1754 2032 2063 2117 ideoque
2099 2052 2347 2098 eorum
2381 2034 2598 2098 inter-

348 2139 801 2223 pretationes
834 2144 1117 2211 tantum
1152 2140 1427 2221 valent,
1498 2140 1847 2222 quantum
1907 2142 2222 2223 probant
2277 2140 2602 2205 rationes

352 2250 424 2310 et
460 2252 918 2328 argumenta,
963 2264 1151 2328 quae
1214 2245 1306 2310 ab
1361 2246 1537 2329 ipsis
1604 2248 2039 2330 afferuntur,
2093 2253 2166 2313 et
2216 2246 2604 2329 unicuique

351 2354 741 2437 integrum·
758 2358 869 2417 est
882 2360 887 2363 ’
902 2354 1118 2417 'aliter
1152 2355 1447 2419 sentire.

535 2462 642 2527 61.
742 2459 989 2527 Omnis
1022 2461 1558 2544 interpretatio,
1598 2465 1677 2525 ut
1709 2461 1893 2525 scite
1927 2464 2001 2526 et
2033 2461 2232 2525 recte
2266 2461 2416 2544 flat,
2453 2477 2605 2524 cer-

350 2571 443 2634 tis
478 2569 757 2653 regulis
793 2570 1269 2635 communiter
1300 2571 1618 2654 receptis
1654 2571 2108 2653 subjicienda
2159 2575 2292 2655 est,
2343 2570 2603 2654 quibus

351 2682 726 2760 tamquam
760 2695 1062 2742 normae
1096 2696 1183 2743 ac
1210 2678 1421 2743 limiti
1456 2680 1698 2761 aptari
1733 2678 1972 2744 debet.
2333 2675 2345 2688 “
2579 2667 2586 2706 ³

531 2785 619 2848 In
646 2785 813 2867 jure
849 2785 1199 2850 canonico
1257 2785 1520 2851 dicitur
1573 2788 1840 2872 requla:
1888 2785 2228 2872 quaelibet
2261 2779 2602 2851 sententia

352 2895 585 2958 brevis
616 2901 679 2958 et
712 2894 1193 2978 compendiosa
1224 2897 1487 2981 eoejure
1502 2897 2024 2980 praeexistente
2053 2895 2490 2987 deprompta;
2516 2911 2609 2958 ex

350 2999 493 3064 hac
527 2999 946 3064 definitione
982 3002 1236 3083 aperte
1271 3002 1548 3065 eruitur
1581 3020 1728 3065 non
1762 3019 1855 3066 ex
1901 3001 2158 3084 regula
2229 3000 2605 3064 efformari

340 3109 491 3191 juS‚
530 3109 658 3173 sed
694 3126 784 3172 ex
808 3107 974 3189 jure
1000 3109 1547 3189 praeexistente
1575 3108 1961 3173 deductam
1986 3115 2288 3192 atquere
2315 3107 2606 3172 dactam

351 3231 515 3280 esse
552 3215 905 3298 regulam.
972 3212 1179 3279 Nunc
1210 3231 1415 3298 vere,
1458 3217 2061 3298 quemadmodum
2094 3215 2604 3297 interpretatio

352 3323 595 3387 altera
630 3327 741 3387 est
774 3322 1219 3405 authentica,
1258 3323 1495 3387 altera
1531 3323 1982 3405 doctrinalis,
2012 3324 2116 3388 ita
2145 3323 2365 3388 etiam
2396 3341 2604 3405 regu-

350 3430 469 3494 lae
506 3430 1131 3513 interpretationis
1168 3421 1358 3494 aliae
1392 3433 1558 3494 sunt
1604 3431 2036 3496 authenticae
2073 3449 2260 3514 quae
2295 3429 2605 3495 auctori-

314 3590 321 3598 .
351 3541 509 3602 tate
568 3537 1011 3619 legislatoris
1074 3537 1402 3602 nituntur
1459 3541 1531 3603 et
1594 3539 1741 3602 vim
1788 3539 1974 3620 juris
2028 3539 2377 3621 obtinent,
2415 3538 2607 3602 aliae

352 3645 527 3708 sunt
561 3643 997 3726 doctrinales,
1034 3645 1137 3709 sic
1176 3643 1417 3709 dictae
1482 3645 1653 3728 quia
1710 3663 1754 3708 a
1819 3645 2235 3710 doctoribus
2293 3644 2606 3726 privatis

353 3752 591 3817 instar
627 3734 1073 3816 axiomatum
1107 3752 1453 3817 inventae
1488 3756 1561 3816 et
1615 3756 2014 3834 usurpatae
2065 3752 2295 3830 fuere;
2334 3751 2607 3832 passim

354 3861 810 3926 brocardicae
843 3863 1203 3925 vocantur
1238 3877 1283 3922 a
1317 3860 1607 3924 nomine
1644 3859 1996 3942 corrupto
2049 3857 2455 3922 Burchardi
2494 3875 2606 3924 ce-

353 3967 583 4032 lebris
616 3966 694 4030 in
760 3963 1155 4030 Germania
1214 3967 1665 4048 canonistae;
1727 3964 2082 4049 ejusmodi
2140 3966 2466 4046 regulae,
2534 3969 2609 4029 ut

346 4073 563 4138 clare
597 4073 848 4155 liquet,
885 4074 1005 4155 jus
1040 4074 1287 4138 facere
1350 4075 1744 4156 nequeunt,
1789 4071 2128 4155 quoniam
2186 4062 2229 4136 a
2290 4073 2607 4155 privato-

353 4198 520 4248 rum
556 4197 783 4262 opera
836 4182 911 4244 et
966 4180 1232 4263 peritia
1291 4180 1720 4262 procedunt.
1779 4178 2407 4244 Praemonendum
2470 4181 2604 4261 est,
2657 4177 2659 4180 ⁴

356 4286 645 4352 nullam
674 4287 1007 4369 regulam
1041 4285 1197 4352 sine
1232 4288 1665 4370 exceptione
1700 4287 2216 4354 universaliter
2267 4286 2606 4370 probare,
