3332 5100
1675 344 2033 405 -356-

724 490 1036 567 perculit,
1081 503 1258 564 quae
1299 487 1436 547 iam
1463 486 2063 562 praedicabantur,
2115 487 2189 545 in
2228 488 2417 547 cultu
2444 488 2676 547 divino
2708 490 2977 549 nullum

726 570 1052 629 adhibere
1079 570 1420 629 delectum
1469 578 1805 642 oportere:
1867 568 2207 642 integrum
2242 568 2529 645 singulis
2583 585 2755 643 esse,
2790 571 2979 645 quod

725 651 986 723 malint,
1043 651 1129 709 de
1187 649 1518 723 religione
1583 648 1912 709 iudicare:
1972 649 2184 707 solam
2248 649 2495 722 cuique
2560 664 2753 709 suam
2822 666 2977 709 esse

725 730 1212 793 conscientiam
1253 728 1568 789 iudicem:
1597 734 1954 804 praeterea
1982 729 2185 787 edere
2230 744 2404 802 quae
2432 730 2721 803 quisque
2746 746 2977 791 sense-

723 812 836 885 rit,
869 812 1165 886 itemque
1195 825 1306 869 res
1349 809 1572 869 moliri
1619 825 1833 869 novas
1878 809 1946 867 in
1990 809 2271 867 civitate
2302 809 2535 868 licere.
2573 810 2673 869 De
2696 812 2975 871 rationi..

723 892 854 953 bus
879 892 982 951 rei
1009 906 1248 951 sacrae
1269 890 1505 963 reique
1533 888 1761 949 civilis
1789 890 2245 949 distrahendis
2274 890 2371 948 sic
2414 889 2593 949 idem
2626 890 2975 951 Pontifex:

731 971 1002 1047 “Neque
1030 970 1316 1030 laetiora
1363 976 1434 1029 et
1474 969 1793 1045 religioni
1847 976 1915 1027 et
1954 968 2368 1043 principatui
2412 970 2697 1029 ominari
2749 986 2979 1046 posse·

731 1066 912 1126 „mus
963 1067 1052 1111 ex
1079 1066 1311 1110 eorum
1338 1050 1535 1122 votis,
1569 1051 1687 1123 661
1716 1048 2095 1109 Ecclesiam
2136 1067 2176 1109 a
2204 1065 2416 1125 regno
2448 1052 2775 1127 separari,
2834 1068 2977 1111 mu-

730 1138 1086 1207 „tuamque
1115 1130 1381 1205 imperii
1421 1144 1577 1190 cum
1597 1130 1979 1189 sacerdotio
2022 1131 2455 1191 concordiam
2500 1132 2813 1205 abrumpi
2838 1133 2975 1191 dis-

731 1213 1068 1287 „cupiunt.
1131 1208 1406 1271 Constat
1443 1211 1717 1285 quippe,
1768 1211 2154 1284 pertimesci
2189 1211 2276 1268 ab
2336 1210 2975 1284 impudentissimae

732 1292 1105 1367 „libertatis
1148 1288 1565 1350 amatoribus
1589 1291 2031 1350 concordiam
2072 1291 2281 1362 illam,
2337 1307 2512 1365 quae
2560 1307 2827 1367 semper
2871 1293 2977 1352 rei

731 1382 836 1448 „et
865 1387 1102 1433 sacrae
1139 1380 1206 1430 et
1237 1370 1423 1430 civili
1462 1371 1691 1430 fausta
1732 1370 1961 1429 extitit
2022 1377 2089 1429 et
2140 1371 2749 1444 salutarie.„—Non
2794 1373 2975 1431 absi-

727 1454 872 1513 mili
893 1453 1089 1513 modo
1117 1452 1276 1512 Pius
1319 1450 1438 1524 IX,
1473 1457 1547 1511 ut
1576 1466 1726 1511 sese
1766 1450 2230 1525 opportunitas
2274 1451 2481 1524 dedit,
2511 1468 2617 1521 611,
2644 1452 2977 1527 opinioni-

725 1534 854 1593 bus
908 1533 1123 1605 falsis,
1159 1547 1334 1607 quae
1388 1532 1682 1589 maxime
1711 1532 1943 1589 valere
1975 1532 2375 1605 coepissent,
2408 1533 2635 1607 plures
2680 1535 2973 1608 notavit,

728 1614 1135 1687 easdemque
1168 1619 1400 1686 postea
1444 1612 1516 1671 in
1546 1627 1754 1671 unum
1798 1612 1951 1685 cogi
2000 1611 2217 1683 iussit,
2262 1618 2337 1670 ut
2382 1612 2647 1671 scilicet
2694 1614 2767 1673 in
2826 1621 2977 1673 tan-

725 1702 796 1753 ta
826 1708 1128 1753 errorum
1156 1692 1536 1751 colluvione
1585 1693 1916 1751 haberent
1958 1693 2277 1751 catholici
2304 1694 2627 1766 homineS,
2672 1696 2852 1768 quod
2884 1695 2973 1753 si-

726 1792 812 1835 ne
845 1774 1222 1833 offensione
1265 1780 1710 1846 sequerentur
1743 1771 1859 1851 (1).

890 1854 994 1913 Ex
1023 1854 1106 1913 iis
1137 1861 1362 1912 autem
1391 1852 1790 1912 Pontificum
1820 1852 2257 1926 praescriptis
2288 1853 2404 1911 illa
2430 1853 2699 1912 omnino
2724 1853 2975 1913 intelli-

729 1936 800 2011 gi
829 1951 1108 1994 necesse
1139 1940 1262 2007 est,
1295 1940 1514 1993 ortum
1545 1934 1859 2007 publicae
1889 1934 2238 2007 potestatis
2284 1950 2323 1991 a
2353 1933 2492 1991 Deo
2542 1934 2709 2008 ipso,
2747 1951 2881 1993 non
2938 1952 2979 1993 a

727 2015 1159 2076 multitudine
1187 2014 1405 2089 repeti
1449 2020 1781 2088 oportere:
1816 2013 2221 2072 seditionum
2278 2014 2626 2073 licentiam
2682 2030 2838 2074 cum
2871 2031 2975 2073 ra-

727 2096 912 2155 tione
943 2110 1274 2169 pugnare:
1321 2094 1547 2152 officia
1603 2094 1954 2167 religionis
2006 2094 2189 2151 nullo
2222 2094 2371 2153 loco
2428 2110 2811 2167 numerare,
2865 2096 2980 2154 vel

729 2191 861 2235 uno
891 2175 1086 2233 modo
1139 2190 1286 2233 esse
1317 2175 1387 2232 in
1417 2174 1805 2248 disparibus
1829 2174 2195 2250 generibus
2240 2174 2551 2247 affectos,
2598 2176 2794 2235 nefas
2827 2192 2980 2239 esse

729 2256 1016 2331 privatis
1039 2255 1443 2326 hominibus,
1477 2254 1672 2313 nefas
1696 2255 2111 2313 civitatibus:
2146 2255 2657 2313 immoderatam
2682 2257 2981 2315 sentien-

730 2338 800 2396 di
829 2351 1199 2409 sensusque
1230 2335 1454 2410 palam
1484 2334 1786 2395 iactandi
1819 2341 2221 2410 potestatem
2252 2352 2384 2393 non
2434 2351 2581 2393 esse
2624 2335 2697 2393 in
2724 2336 2983 2395 civium

732 2417 994 2476 iuribus
1018 2431 1239 2490 116666
1268 2416 1339 2475 111
1367 2416 1573 2474 rebus
1601 2416 1826 2489 gratia
1859 2416 2370 2490 patrocinioque
2416 2416 2641 2489 dignis
2686 2417 2827 2475 ulla
2872 2433 2981 2475 ra-

729 2498 910 2558 tione
941 2495 1752 2573 ponendam—Similiter
1774 2494 2067 2570 intelligi
2096 2496 2320 2569 debet,
2355 2495 2733 2556 Ecclesiam
2766 2498 2981 2556 socie-

729 2585 938 2638 tatem
967 2594 1136 2652 esse,
1172 2594 1303 2637 non
1336 2577 1556 2636 minus
1589 2593 1791 2650 quam
1820 2578 2036 2652 ipsam
2060 2577 2429 2650 civitatem,
2460 2593 2711 2651 genere
2736 2586 2805 2636 et
2830 2578 2983 2637 iure

728 2660 1125 2734 perfectam:
1190 2674 1410 2731 neque
1471 2659 1745 2731 debere,
1808 2658 1924 2732 qui
1977 2673 2303 2716 summam
2354 2657 2620 2732 imperii
2672 2665 2976 2732 teneant,

731 2740 1149 2799 committere
1180 2746 1254 2796 ut
1309 2739 1439 2796 sibi
1483 2738 1740 2796 servire
1772 2746 1888 2796 aut
1938 2739 2215 2796 subesse
2269 2737 2644 2796 Ecclesiam
2691 2746 2979 2814 cogant,

730 2828 848 2879 aut
879 2820 1097 2878 minus
1127 2834 1274 2878 esse
1305 2819 1530 2876 sinant
1554 2819 1641 2877 ad
1672 2833 1825 2876 suas
1848 2833 1956 2876 res
1982 2817 2285 2892 agendas
2305 2819 2611 2890 liberam,
2640 2826 2757 2877 aut
2784 2820 2984 2893 quid-

731 2917 933 2976 quam
983 2901 1068 2958 de
1097 2900 1344 2959 ceteris
1397 2899 1658 2958 iuribus
1706 2899 2087 2970 detrahant,
2129 2914 2302 2972 quae
2352 2899 2423 2956 in
2472 2899 2689 2974 ipsam
2735 2915 2777 2957 a
2822 2898 2987 2959 Iesu

731 2979 993 3041 Christo
1023 2981 1270 3040 collata
1314 2978 1659 3039 sunt.-—In
1690 2979 1980 3053 negotiis
2014 2985 2241 3038 autem
2290 2979 2487 3040 mixti
2512 2979 2706 3052 iuris,
2762 2980 2981 3039 maxi-

729 3077 836 3121 me
867 3077 1014 3120 esse
1043 3060 1414 3120 secundum
1442 3066 1756 3119 naturam
1788 3059 2083 3133 itemque
2116 3060 2488 3119 secundum
2517 3059 2642 3117 Dei
2687 3061 2983 3120 consilia

729 3157 864 3201 non
891 3141 1340 3224 secessionem
1395 3140 1677 3200 alterius
1703 3140 2059 3214 potestatis
2086 3141 2175 3198 ab
2206 3141 2446 3214 altera,
2482 3141 2827 3214 multoque
2861 3141 2983 3200 mi·

739 3247 982 3256 —n-o-v-v—-u
997 3245 1162 3256 ——-—-

872 3339 948 3404 (1)
1016 3337 1228 3389 Earum
1253 3334 1562 3388 nonnullas
1583 3335 1835 3388 indicare
1873 3335 2141 3389 sufficiat:

872 3406 1035 3475 Prop.
1073 3407 1570 3460 XIX.-Ecclesia
1594 3423 1712 3460 non
1738 3412 1828 3460 est
1864 3423 1997 3461 vera
2028 3408 2395 3474 perfectaque
2430 3409 2677 3460 societas
2718 3408 2895 3474 plane
2922 3410 2986 3461 li-

729 3477 885 3542 bera,
910 3495 1016 3532 nec
1051 3479 1228 3546 pollet
1252 3479 1372 3530 suis
1399 3478 1641 3546 propriis
1668 3483 1726 3531 et
1751 3479 2147 3532 constantibus
2176 3479 2394 3531 iuribus
2420 3478 2532 3531 sibi
2573 3493 2607 3531 a
2643 3479 2843 3533 divino
2876 3496 2987 3534 suo

729 3551 1056 3604 Fundatore
1100 3551 1337 3618 collatis,
1363 3550 1465 3604 sed
1491 3550 1677 3604 civilis
1721 3553 2023 3617 potestatis
2050 3555 2141 3604 est
2168 3550 2406 3602 definire
2432 3565 2579 3616 quae
2616 3550 2735 3604 sint
2785 3551 2985 3605 Eccle-

729 3623 851 3676 siae
884 3624 1012 3676 iura
1035 3637 1102 3675 ac
1125 3623 1356 3685 11161166,
1384 3622 1534 3675 intra
1559 3637 1703 3689 quos
1730 3622 1931 3674 eadem
1958 3624 2083 3674 iura
2110 3637 2376 3676 exercere
2406 3625 2593 3688 queat.

877 3693 1046 3778 Prop.
1071 3693 1417 3746 XXXIX.—
1432 3691 1804 3760 Reipublicae
1830 3694 2040 3760 Status,
2066 3697 2265 3760 utpote
2288 3695 2545 3746 omnium
2570 3695 2781 3747 iurium
2812 3693 2978 3764 origo

733 3769 792 3820 et
815 3766 968 3834 fons,
994 3767 1113 3818 iure
1138 3765 1387 3834 quodam
1412 3767 1588 3832 pollet
1613 3766 1786 3817 nullis
1808 3765 2235 3832 circumscripto
2262 3764 2560 3818 limitibus.

875 3839 1038 3906 Prop.
1078 3837 1199 3892 LV.
1216 3837 1531 3890 -Ecclesia
1580 3851 1614 3888 a
1642 3835 1822 3902 81616,
1864 3835 2175 3903 8161116666
2193 3835 2266 3889 ab
2292 3837 2548 3888 Ecclesia
2589 3823 2987 3903 seiungendus

733 3912 840 3962 est.

755 3993 760 3996 ·
877 3979 1046 4048 Prop.
1073 3979 1475 4033 LXXIX.—...
1503 3979 1737 4031 Falsum
1765 3983 1853 4031 est
1878 3977 2102 4032 civilem
2130 3979 2405 4046 cuiusque
2424 3979 2611 4031 cultus
2636 3978 2984 4049 libertatem,

730 4050 982 4120 itemque
1019 4054 1247 4119 plenam
1265 4055 1607 4118 potestatem
1645 4051 1913 4104 omnibus
1962 4051 2297 4103 attributam
2343 4049 2627 4116 quaslibet
2677 4052 2985 4118 opiniones

730 4123 1215 4190 cogitationesque
1243 4125 1427 4190 palam
1455 4123 1795 4189 publiceque
1826 4123 2256 4188 manifestandi,
2308 4123 2622 4176 conducere
2648 4123 2720 4174 ad
2748 4126 2989 4192 populo-

729 4209 854 4246 rum
897 4210 1084 4248 mores
1107 4197 1446 4261 animosque
1479 4194 1706 4248 facilius
1734 4194 2199 4262 corrumpendos,
2226 4209 2293 4247 ac
2332 4193 2810 4248 indifferentismi
2858 4211 2983 4263 pes-

732 4267 850 4318 tem
875 4266 1322 4335 propagandam.
