3332 5100
1310 352 1624 416 —71-

532 495 721 565 XLI.
812 499 1167 582 Imputari
1196 518 1343 565 non
1376 501 1594 570 debet
1624 501 1692 568 ei
1726 518 1859 584 per
1890 518 2106 585 quem
2136 519 2281 568 non
2315 505 2489 587 stat,
2527 501 2588 569 si

338 624 492 672 non
518 606 752 671 faciat
787 606 979 690 quod
1010 624 1142 689 per
1175 625 1339 673 eum
1371 609 1613 674 fuerat
1645 608 2087 674 faciendum.

526 713 755 779 XLII.
854 714 1361 780 Accessorium
1393 719 1659 781 natura
1693 717 1900 799 sequi
1963 717 2297 799 congruit
2328 717 2592 800 princi-

401 820 567 885 aliS.

340 839 395 904 p
528 927 796 993 XLIII.
894 927 1031 1010 Qui
1063 932 1264 994 tacet
1298 931 1714 996 consentire
1749 931 2065 997 videtur.

530 1034 787 1100 XLIV.
885 1035 956 1100 Is
992 1037 1113 1120 qui
1147 1041 1344 1103 tacet
1376 1056 1522 1103 non
1553 1039 1853 1122 fatetur,
1880 1039 2008 1104 sed
2034 1055 2170 1104 nec
2199 1038 2445 1122 utique
2473 1056 2594 1104 ne-

346 1159 534 1225 gare
560 1141 875 1208 videtur.

531 1248 752 1314 XLV.
847 1248 1321 1332 Inspioimus
1301 1270 1377 1317 1n
1404 1253 1730 1318 obscuris
1760 1252 1951 1336 quod
1964 1255 2076 1318 est
2093 1251 2589 1334 verisimilius,

348 1355 477 1420 vel
504 1355 699 1438 qnod
733 1355 1163 1439 plerumque
1194 1356 1353 1422 fieri
1387 1359 1794 1424 consuevit.

541 1462 803 1528 XLVI.
900 1463 971 1528 Is
1006 1465 1128 1548 qui
1159 1465 1235 1529 in
1257 1466 1377 1547 jus
1411 1466 1738 1531 succedit
1771 1465 2100 1548 alteriuS‚
2137 1482 2224 1531 eo
2251 1467 2418 1548 ,iure
2455 1484 2596 1550 quo

253 1631 259 1634 .
355 1570 484 1635 ille
519 1571 624 1635 uti
660 1570 976 1636 debebit.

534 1676 830 1742 XLVII.
927 1677 1426 1744 Praesumitur
1459 1679 1907 1762 ignorantia,
1944 1679 2067 1744 ubi
2099 1678 2410 1744 scientia
2453 1695 2602 1743 non

357 1785 744 1868 probatur.

536 1891 868 1957 XLVIII.
964 1890 1437 1976 Locupletari
1493 1911 1639 1958 non
1688 1892 1922 1958 debet
1953 1893 2241 1977 aliquis,
2302 1909 2464 1956 cum
2499 1891 2601 1957 al-

358 1998 587 2065 terius
612 1999 881 2081 injuria
913 2000 1038 2065 vel
1063 2001 1384 2083 jactura.

538 2106 799 2172 XLIX.
896 2105 982 2171 In
1014 2109 1297 2192 poenis,
1332 2107 1718 2190 benignior
1773 2106 2283 2192 interpretatio
2334 2105 2605 2171 facien-

360 2215 455 2281 da
490 2218 625 2280 est.

538 2322 621 2387 L.
717 2322 943 2388 Actus
976 2322 1285 2405 legitimi
1318 2321 1808 2387 conditionem
1846 2340 1991 2387 non
2022 2321 2408 2406 recipiunt,
2477 2336 2601 2384 ne-

364 2447 511 2514 que
561 2429 775 2495 diem.

537 2536 658 2603 LI.
755 2535 993 2603 Semel
1036 2536 1195 2602 Deo
1234 2536 1551 2603 dicatum
1585 2555 1732 2602 non
1758 2537 1869 2602 est
1902 2534 1996 2601 ad
2029 2554 2198 2602 usus
2250 2526 2604 2602 humanos

362 2647 670 2713 ulterius
704 2644 1321 2711 transferendum.

542 2753 699 2819 LII.
794 2753 956 2819 Non
994 2757 1323 2836 praestat
1377 2751 1994 2836 impedimentum,
2055 2751 2248 2835 quod
2305 2751 2394 2816 de
2444 2751 2609 2833 jure

363 2878 511 2926 non
543 2861 845 2926 sortitur
879 2861 1248 2925 effectum.

541 2967 735 3033 LIII.
835 2966 967 3033 Cui
996 2968 1168 3033 licet
1204 2966 1395 3051 qnod
1424 2970 1534 3032 est
1559 2967 1748 3050 plus,
1786 2965 1959 3032 licet
1990 2965 2238 3049 utique
2271 2963 2464 3049 quod
2499 2968 2611 3029 est

366 3075 626 3141 minus.

542 3182 731 3248 LIV.
829 3180 965 3263 Qui
998 3183 1200 3265 prior
1234 3184 1344 3247 est
1376 3186 1706 3264 tempore
1739 3181 1981 3264 potior
2017 3184 2126 3245 est
2151 3181 2342 3263 jure.

544 3289 694 3355 LV.
794 3288 932 3370 Qui
962 3284 1184 3355 sentit
1219 3306 1424 3372 onUS‚
1463 3290 1734 3354 sentire
1766 3289 1985 3354 debet
2019 3287 2495 3372 commodum,
2541 3292 2614 3354 et

370 3414 411 3462 e
444 3401 729 3463 contra.

545 3502 732 3569 LVI.
828 3502 914 3568 In
947 3520 1027 3568 re
1098 3504 1483 3588 communi,
1544 3502 1785 3586 potior
1832 3505 1944 3568 est
1999 3501 2317 3567 conditio
2372 3493 2614 3585 prohiss

370 3611 634 3677 bentis.
2269 3634 2273 3638 -

547 3715 773 3780 LVII.
870 3712 1142 3781 Contra
1173 3733 1337 3781 eum
1370 3714 1491 3799 qui
1523 3716 1762 3799 legem
1819 3715 2064 3782 dicere
2120 3713 2356 3832 potnit
2411 3727 2618 3798 aper·

374 3823 539 3906 tius,
578 3827 691 3887 est
723 3821 1236 3905 interpretatio
1272 3821 1638 3887 facienda.

550 3930 809 3996 LVIII.
906 3930 1068 3996 Non
1100 3936 1212 3995 est
1244 3931 1780 4014 obligatorium,
1820 3934 2076 3995 contra
2119 3931 2345 3995 bonos
2380 3944 2619 3994 mores

376 4037 803 4121 praestitum
828 4038 1346 4120 juramentum.

555 4146 746 4212 LIX.
844 4146 1033 4211 Dolo
1068 4146 1271 4229 facit,
1311 4144 1433 4229 qui
1466 4145 1659 4229 petit
1682 4145 1873 4229 quod
1905 4144 2291 4211 restituere
2337 4146 2627 4228 oportet

381 4237 733 4319 eumdem.
