3332 5100
1201 382 1548 458 ,-33-

280 526 436 593 chia
507 525 855 594 divinitus
911 526 1273 609 instituta;
1327 526 1656 613 lituryica
1713 544 1902 611 quae
1954 526 2031 593 in
2089 526 2513 595 ordinandis

279 634 644 718 religionis
681 633 967 699 actibus
999 636 1368 717 versatur,
1425 632 1530 699 ita
1562 650 1642 699 se
1674 632 1950 699 habent
1981 633 2338 701 institutio
2372 636 2512 701 fes-

280 745 529 823 torum,
590 740 932 824 publicae
989 739 1588 825 supplicationes,
1653 758 1917 807 sacrae
1974 744 2507 824 coeremoniae,

280 853 438 931 ete.;
464 849 763 935 politiae
813 865 904 913 ea
960 847 1225 914 dicitur
1257 866 1404 932 qua
1437 848 1723 931 regitur
1779 854 2087 914 externa
2135 848 2513 915 Ecclesiae

278 954 604 1039 societaS,
644 960 718 1020 et
742 955 816 1019 in
851 955 1098 1021 officio
1127 956 1564 1038 continetur,
1595 954 2004 1038 hujusmodi
2031 957 2321 1039 generis
2348 962 2515 1021 sunt

279 1079 552 1145 poenae
583 1062 1160 1145 ecclesiasticae,
1213 1061 1516 1146 jndicia,
1578 1063 2001 1145 electiones,
2042 1063 2515 1129 observantia

281 1174 856 1254 praeceptorum,
898 1170 1192 1254 aliaque
1250 1171 1539 1237 similia:
1601 1171 1710 1236 6.0
1742 1171 2025 1236 ratione
2060 1173 2404 1257 temporis,
2440 1171 2515 1237 in

285 1280 664 1363 antiquam,
731 1278 1030 1345 mediam
1092 1282 1312 1362 atque
1374 1280 1851 1361 novissimam5
1911 1279 2097 1345 haec
2147 1283 2517 1363 postrema

282 1385 576 1468 partitio
611 1385 885 1469 triplici
918 1366 1246 1469 periodo,
1283 1386 1358 1452 in
1392 1404 1608 1471 quam
1634 1386 2102 1471 distinguitur
2130 1386 2174 1454 J
2178 1404 2261 1453 us
2288 1384 2516 1454 Cano·

283 1494 542 1575 nicum,
581 1492 871 1559 omnino
906 1509 1230 1558 consona
1257 1499 1391 1559 est.

445 1600 558 1666 33.
653 1600 812 1666 Hae
846 1603 1016 1665 sunt
1073 1600 1520 1685 praecipuae
1576 1601 2032 1686 Disciplinae
2094 1603 2514 1686 divisiones,

285 1725 585 1794 quarum
616 1708 782 1791 plus
815 1710 1175 1791 minusve,
1245 1708 1418 1774 data
1451 1710 1837 1775 occasione
1875 1710 1999 1776 vel
2032 1728 2126 1777 ex
2157 1712 2515 1796 professe,

285 1818 624 1903 explicite
656 1817 778 1885 vel
809 1817 1163 1902 implicite
1215 1819 1609 1885 meminere
1663 1822 2133 1886 monumenta
2185 1823 2520 1886 veterum

283 1930 567 2009 patrum
604 1925 677 1989 et
707 1924 1170 2007 scriptorum3
1209 1923 1340 1989 sed
1373 1925 1766 1991 recentiori
1798 1930 2043 1991 aetate
2107 1942 2374 1992 novam
2410 1944 2519 1992 re-

279 2032 594 2115 perimus
631 2030 1001 2098 inductam
1035 2031 1506 2114 partitionem
1538 2030 1616 2095 in
1665 2030 2173 2115 Disciplinam,
2230 2049 2517 2116 nempe,

276 2139 618 2205 internam
663 2140 738 2202 et
794 2146 1183 2218 externam·
1241 2141 1342 2220 at,
1402 2154 1565 2203 cum
1621 2141 1729 2203 tot
1781 2138 2064 2222 turbae,
2124 2140 2522 2223 tantaeque

277 2245 861 2328 perturbationes
921 2262 1084 2311 cum
1139 2245 1424 2328 ingenti
1470 2245 1637 2311 fidei
1690 2246 1985 2327 jactura
2040 2248 2113 2312 et
2168 2246 2522 2312 bonorum

276 2369 550 2418 morum
571 2352 1103 2436 depravatione
1129 2352 1342 2435 hujus
1372 2352 1817 2419 novissimae
1843 2352 2328 2419 distinctionis
2356 2370 2522 2418 cau-

277 2476 356 2524 sa
379 2460 456 2525 in
484 2460 818 2525 Ecclesia
848 2464 1154 2525 exortae
1181 2462 1351 2541 sint,
1384 2478 1565 2543 opus
1592 2465 1704 2525 est
1736 2461 2115 2544 originem,
2144 2460 2525 2526 historiam

277 2571 494 2652 atque
541 2585 830 2635 sensum
881 2569 1237 2651 ejusmodi
1287 2569 1870 2635 elassificationis
1914 2569 2097 2634 hora
2126 2570 2419 2634 nefasta
2451 2571 2525 2634 et

277 2677 715 2761 nequissimo
754 2676 1058 2742 consilio
1093 2677 1442 2743 inventae
1477 2677 1552 2742 in
1583 2677 1928 2742 trutinam
1958 2694 2341 2743 revocare.

448 2783 526 2850 Si
556 2785 882 2868 genesim
915 2783 1339 2850 historicam
1390 2784 1602 2866 hujus
1638 2784 2122 2850 distinctionis
2156 2783 2526 2867 inquirere

219 2888 224 2892 ’
275 2875 611 2974 velimus,
648 2909 742 2966 en
776 2891 1032 2975 paucis
1093 2891 1341 2956 verbis
1399 2890 1769 2956 delineata
1830 2891 2061 2973 origo,
2098 2889 2419 2954 evolutio
2454 2891 2528 2954 et

277 2998 690 3083 coagulatio
725 2999 916 3064 istae
953 2998 1288 3064 exoticae
1343 2998 1845 3082 plantationis,
1885 2999 2115 3063 omnis
2171 2995 2526 3079 perniciei

278 3111 496 3190 atque
535 3107 810 3172 erroris
844 3106 1232 3181 fecundum
1261 3105 1755 3172 seminarium.
1787 3103 2103 3171 Germen
2129 3104 2524 3169 distinctio·
2562 3185 2568 3190 .

276 3213 384 3278 nis
412 3215 601 3298 jecit
637 3214 1005 3280 Marsilius
1038 3204 1438 3280 P'atavitius
1472 3213 1695 3296 (saec.
1731 3212 1931 3294 XIV)
1979 3213 2055 3278 in
2110 3213 2527 3300 Defensorio

276 3321 508 3404 Pacis,
536 3326 614 3386 ut
629 3321 1038 3386 luctuosum
1063 3320 1418 3387 Ludovici
1439 3321 1713 3388 Bavari
1736 3321 2052 3386 schisma
2076 3319 2523 3402 honestaret3

276 3444 524 3493 semen
555 3428 602 3492 a
635 3427 956 3492 Marsilio
991 3431 1228 3494 satum
1262 3427 1714 3512 irrigandum
1753 3433 1827 3493 et
1874 3427 2355 3494 excolendum
2410 3443 2527 3492 cu·

276 3537 536 3600 rarunt
567 3529 800 3616 (saecJ
829 3535 994 3615 XV)
1050 3535 1479 3617 WicleffiuS,
1516 3535 1560 3601 J
1565 3553 1842 3602 oannes
1879 3535 2033 3601 Hus
2067 3537 2141 3600 et
2171 3535 2525 3616 Hierony-

276 3660 430 3708 mus
466 3661 515 3707 a
545 3642 811 3725 Praga3
850 3642 1168 3708 fructum
1205 3646 1278 3708 et
1333 3642 1620 3726 quidem
1680 3644 2123 3709 uberrimum
2177 3641 2527 3724 colligere

286 3750 720 3815 studuerunt
756 3753 981 3832 (saec.
1011 3749 1210 3832 XVI)
1246 3749 1747 3816 Protestantes
1777 3755 1850 3816 et
1876 3750 2191 3816 omnium
2216 3748 2531 3814 maxime

280 3855 672 3939 Lutherus3
711 3856 1026 3940 denique
1062 3857 1419 3940 ejusmodi
1451 3859 1971 3941 perversionis,
2008 3857 2265 3923 ruinae
2294 3859 2367 3921 et
2398 3855 2531 3920 fal-

281 3963 524 4028 sitatis
558 3964 830 4028 fructui
863 3965 1278 4049 spargendo
1314 3969 1388 4030 et
1437 3965 1604 4030 hinc
1662 3972 1883 4048 atque
1928 3965 2081 4028 illic
2113 3963 2528 4028 invehendo

280 4068 706 4136 incumbere
740 4089 890 4136 non
921 4070 1366 4137 erubuerunt
1398 4075 1622 4154 (saec.
1682 4071 1918 4152 XVII)
1975 4071 2263 4136 Marcus
2311 4070 2531 4135 'Anto-

279 4176 438 4242 nius
456 4195 505 4241 a
524 4177 857 4244 Dominis
883 4178 1240 4262 pervicax
1267 4184 1607 4262 apostata
1631 4179 1707 4245 in
1727 4197 1859 4244 sua
1882 4179 2263 4264 Republica
2302 4175 2531 4246 Chris·

287 4284 486 4352 tiana
515 4287 589 4352 et
613 4285 1016 4352 Etmundus
1044 4286 1419 4353 Richerius
1443 4288 1518 4352 in
1543 4304 1674 4353 suo
1701 4285 2112 4369 pernicioso
2136 4287 2537 4367 systemate

2382 4407 2416 4458 4
