3332 5100
1261 377 1615 437 -227—

319 521 439 587 seu
481 525 983 591 collectionem
1021 526 1163 587 non
1199 523 1585 589 videantur
1621 525 1864 605 relati,
1898 525 2038 587 nisi
2068 525 2178 589 III
2214 527 2338 589 aut
2366 525 2556 589 forte

319 633 531 695 etiam
581 633 681 697 IV
715 633 1035 713 saecu10,
1075 651 1252 713 prae
1289 633 1515 697 oculis
1547 631 1810 697 habitis
1846 631 2180 715 SynodiS,
2220 633 2554 715 Discipli-

317 757 409 801 na
443 741 515 803 et
547 739 885 821 Legibus,
925 739 1183 821 quihus
1219 757 1349 821 per
1408 741 1551 805 tria
1583 741 1834 823 priora
1892 741 2190 805 saecula
2226 739 2554 807 Orienta-

319 847 422 909 les
451 845 827 909 Ecclesiae
861 845 1329 927 regebantur.

493 955 607 1019 Ad
632 977 989 1019 numerum
1025 955 1214 1035 quod
1251 955 1533 1037 attinet,
1571 955 1906 1019 Ecclesia
1942 953 2254 1039 Graeca,
2296 957 2554 1021 saltem

315 1067 475 1145 post
509 1063 931 1127 Trullanam
1001 1061 1391 1145 Synodum,
1457 1081 1776 1127 canones
1838 1063 1924 1127 85
1962 1081 2208 1127 omnes
2246 1067 2318 1127 et
2374 1065 2554 1129 inte-

313 1189 479 1251 gros
547 1171 859 1251 accepit;
929 1187 1197 1251 eosque
1245 1174 1613 1251 tamquam
1676 1171 1766 1233 ab
1820 1171 2190 1251 Apostolis
2226 1171 2552 1235 conditos

317 1277 583 1341 eximia
643 1277 953 1359 quadam
1019 1279 1499 1341 veneratione
1563 1285 2008 1359 prosequuta
2074 1281 2206 1341 est.
2288 1279 2554 1369 Latina

313 1389 551 1447 autem
591 1385 923 1447 Ecclesia
957 1385 1045 1447 50
1081 1385 1359 1465 priores
1403 1403 1722 1449 canones
1758 1391 2038 1449 tantum
2078 1387 2378 1467 recepit,
2420 1389 2552 1451 eis-

313 1509 449 1573 que
483 1493 559 1553 in
589 1491 879 1571 judiciis
917 1509 1047 1553 usa
1087 1497 1217 1573 est,
1281 1491 1451 1573 quin
1487 1499 1729 1555 tamen
1768 1493 2262 1575 quaestionem
2294 1493 2380 1557 de
2418 1495 2552 1557 ori-

319 1599 485 1681 gine
521 1617 655 1681 per
691 1617 895 1661 suam
953 1599 1531 1681 acceptationem
1593 1601 2242 1681 praejudicaverit,
2276 1619 2424 1665 rem
2454 1609 2552 1663 to-

315 1709 461 1769 tam
493 1707 923 1769 discussioni
957 1705 1374 1787 Sapientum
1411 1707 1792 1771 tradendo.

483 1811 597 1875 De
631 1815 1041 1877 auctoritate
1073 1819 1143 1875 et
1199 1815 1271 1875 vi
1309 1813 1623 1891 juridica
1659 1815 1916 1877 horum
1980 1811 2352 1877 Canonum
2390 1831 2550 1877 con-

311 1919 539 1983 clusio
569 1921 895 2001 practice
937 1919 1259 1983 eruenda
1305 1921 1377 1983 in
1411 1921 1744 2003 sequenti
1800 1921 2056 2003 regula
2092 1921 2230 1983 sita
2266 1925 2400 1985 est:
2442 1937 2552 1983 ca-

305 2043 537 2091 nones
591 2027 1105 2109 Apostolorum
1153 2027 1497 2091 historice
1553 2029 1868 2109 inspecti
1930 2047 2062 2093 usu
2098 2031 2172 2091 et
2226 2027 2556 2111 generali

307 2135 819 2217 acceptatione
869 2135 1191 2217 gaudent
1223 2135 1313 2199 50
1367 2137 1649 2217 priores
1688 2137 1762 2199 in
1820 2133 2276 2201 Occidentali
2308 2137 2554 2201 Eccle-

307 2243 435 2325 sia,
465 2261 715 2307 omnes
749 2243 835 2306 85
870 2243 945 2305 in
997 2239 1353 2307 Orientali
1411 2243 1770 2333 Ecclesiffi
1812 2245 2177 2329 scientifice
2212 2243 2548 2325 spectati,

305 2351 427 2415 ubi
459 2369 611 2415 non
637 2353 925 2413 constat
959 2349 1373 2431 ignorantia
1411 2351 1535 2413 vel
1567 2351 1824 2413 fraude
1860 2351 2084 2413 fuisse
2140 2355 2574 2431 corruptos,

307 2457 765 2540 disciplinam
831 2457 957 2538 IV,
1023 2457 1131 2521 III
1185 2457 1307 2521 vel
1363 2457 1434 2521 Π
1497 2457 1800 2540 saeculi,
1870 2457 2262 2540 aliquando
2332 2457 2550 2521 etiam

307 2566 791 2648 apostolicam
857 2564 1269 2646 ostendunt3
1323 2566 1637 2652 juridice
1700 2584 1876 2628 vero
1940 2582 2258 2628 canones
2294 2564 2366 2628 in
2396 2564 2550 2628 Col-

305 2674 623 2736 lectione
691 2672 1145 2754 Dionysiana
1181 2674 1437 2736 inserti
1473 2674 1549 2738 vi
1581 2674 1806 2754 legali
1864 2672 2056 2754 apud
2092 2672 2392 2738 Latinos
2428 2692 2548 2756 po-

307 2782 587 2844 tiuntur
621 2786 919 2862 propter
953 2780 1331 2846 Ecclesiae
1365 2782 1734 2844 Romanae
1770 2782 2404 2864 approbationem,
2442 2800 2548 2846 re-

191 2958 197 2964 ,
305 2888 487 2970 liqui
525 2890 765 2952 autem
795 2888 867 2952 in
897 2886 1279 2952 Codicibus
1331 2890 1617 2970 graecis
1653 2890 2184 2970 comprehensi,
2220 2890 2550 2972 quamvis

305 3014 535 3080 penes
569 2992 981 3060 Orientales
1037 3014 1377 3078 magnam
1413 2998 1924 3060 auctoritatem
1960 2996 2304 3076 habeant,
2342 2996 2550 3062 nobis

307 3104 505 3170 omni
537 3104 793 3167 valore
821 3104 1133 3184 juridico
1173 3106 1585 3186 privantur,
1621 3122 1706 3168 eo
1746 3104 1934 3186 quod
1985 3104 2290 3167 Romani
2316 3104 2550 3168 Ponti-

315 3212 493 3278 fices
525 3228 895 3294 nunquam
923 3228 1055 3274 sua
1091 3230 1431 3296 suprema
1457 3212 1836 3276 sanctione
1864 3216 2342 3313 agnoverunt²
