3332 5100
1716 381 2073 440 ...mg-.-

772 527 1042 610 textus,
1080 526 1202 611 qui
1229 527 1378 590 tum
1409 524 1807 610 magistriS,
1845 527 1997 592 tu'm
2022 524 2443 592 doctoribus
2476 530 3017 610 proponeretur

773 652 907 720 pro
940 633 1248 700 colenda
1281 636 1589 718 utraque
1623 631 2033 717 disciplina,
2062 633 2247 716 Juris
2272 635 2537 717 nempe
2570 635 2914 702 canonici
2946 638 3019 702 et

776 740 1040 808 civilia.

937 848 1000 914 N
1005 866 1144 915 unc
1170 865 1348 916 vero
1383 847 1429 914 J
1435 865 1514 912 us
1541 848 1940 916 Romanum
1978 852 2353 931 tamquam
2382 848 2611 930 ipsius
2638 847 2831 931 juris
2854 829 3018 932 pro-

774 959 1071 1040 totypus
1105 956 1244 1022 hac
1268 959 1513 1021 aetate
1547 974 1828 1022 summa
1861 957 1937 1022 in
1970 956 2512 1022 existimatione
2544 956 2875 1022 habitum
2910 961 3021 1023 est

777 1069 851 1134 et
913 1066 1191 1132 duobus
1252 1064 1741 1131 voluminibus
1807 1064 2583 1148 comprehendebatur,
2644 1065 3023 1131 Pandae-tis

777 1175 1148 1255 videlicet,
1185 1175 1260 1238 et
1295 1171 1564 1241 Codice.-
1613 1172 2031 1238 Pandectae
2086 1155 2763 1254 complectebantur
2802 1172 3021 1254 juris-

779 1282 1241 1368 prudentiam
1277 1299 1405 1346 seu
1456 1281 2144 1363 jnrisconsultorum
2174 1297 2553 1362 responsa3
2612 1278 2863 1344 Codex
2900 1299 3022 1345 au-

777 1394 922 1457 tem
957 1389 1374 1471 Principum
1407 1406 1535 1454 seu
1565 1387 2097 1470 Imperatorum
2133 1375 2406 1469 placita
2440 1387 2890 1453 continebat.

957 1495 1353 1562 Doctorum
1375 1497 1562 1579 juris
1596 1497 1835 1562 civilis
1900 1495 2312 1580 exemplum
2347 1496 2609 1560 imitati
2673 1498 3029 1578 putarunt

781 1606 1208 1672 canonistae
1233 1603 1543 1689 quodam
1571 1604 1781 1671 modo
1808 1623 1888 1669 se
1911 1604 2183 1670 habere
2204 1621 2419 1688 posse
2448 1608 2816 1687 tamquam
2840 1603 3029 1668 Pan-

783 1715 1158 1780 dectarum
1193 1714 1354 1779 loco
1391 1711 1726 1778 Gratiani
1760 1713 2177 1793 Decretum,
2232 1712 2502 1795 quippe
2561 1710 2754 1796 quod
2804 1711 3031 1794 pluri-

781 1822 916 1887 bus
953 1821 1331 1888 sententiis
1365 1822 1715 1886 refertum
1742 1821 1970 1886 veluti
2005 1819 2352 1884 exhibere
2386 1819 2777 1886 videbatur
2808 1819 3031 1902 juris·

781 1929 1217 2014 prudentum
1251 1946 1606 2011 responsa
1636 1929 1713 1993 in
1744 1927 1787 1994 J
1795 1945 1920 1992 ure
1952 1927 2505 1993 Ecclesiastico,

959 2033 1099 2100 Sed
1134 2036 1367 2101 adhuc
1400 2036 1492 2101 ab
1527 2037 1855 2101 omnibus
1892 2035 2442 2100 desiderabatur
2481 2035 2845 2119 quaedam
2880 2037 3029 2101 col-

784 2142 1027 2224 lectio,
1099 2160 1286 2225 quae
1322 2142 1416 2207 ad
1446 2143 1681 2209 instar
1718 2142 2002 2208 Codicis
2048 2142 2091 2209 J
2098 2143 2511 2225 ustinianei,
2551 2143 2629 2207 in
2682 2161 2764 2208 re
2796 2143 3031 2226 civili,

785 2249 1179 2315 secundum
1212 2251 1556 2317 volumen
1609 2252 1795 2334 juris
1832 2251 2318 2316 ecclesiastici
2383 2251 2887 2333 constitueret3
2928 2254 3031 2332 at,

785 2379 947 2428 cum
979 2360 1218 2424 nullus
1250 2360 1435 2424 alius
1460 2360 1660 2425 locus
1690 2364 1883 2425 esset
1908 2361 1985 2425 in
2009 2361 2175 2442 jure
2204 2360 2585 2442 canonico,
2625 2360 2747 2443 qui
2783 2362 3037 2442 posset

785 2469 1042 2538 melius
1075 2468 1482 2552 principum
1534 2469 1825 2552 placitis
1883 2469 2321 2553 comparari,
2393 2486 2609 2552 quam
2666 2467 3037 2553 Epistolae

787 2579 1208 2661 Decretales,
1234 2576 1763 2647 Constitutiones
1790 2596 1918 2643 seu
1944 2579 2315 2664 Rescripta
2338 2578 2825 2642 Romanorum
2850 2576 3036 2643 Pon·

789 2686 1084 2767 tisinum,
1136 2685 1258 2769 qui
1317 2703 1734 2768 supremum
1784 2686 1860 2749 in
1910 2685 2242 2750 Ecclesia
2292 2684 2625 2749 obtinent
2660 2685 3034 2768 principa-

790 2796 965 2877 tum,
1002 2793 1171 2859 inde
1205 2797 1603 2877 coeperunt
1661 2793 2089 2858 canonistae
2148 2792 2570 2858 incumbere
2634 2791 2873 2857 studio
2908 2792 3038 2857 hu-

783 2900 1099 2985 jusmodi
1132 2900 1561 2965 Decretales
1626 2900 2042 2983 colligendi,
2110 2903 2187 2964 ut
2220 2900 2325 2965 ita
2358 2918 2491 2983 pro
2538 2900 2925 2983 ,magistris
2964 2904 3041 2966 et

791 3008 1206 3075 doctoribus
1241 3008 1721 3074 conficeretur
1776 3007 2009 3073 codex
2062 3008 2279 3073 toties
2330 3010 2647 3090 optatus,
2708 3007 2784 3071 in
2815 3006 3041 3071 rebus

793 3117 1312 3183 ecclesiasticis
1347 3116 1580 3181 codici
1606 3116 1651 3181 J
1657 3116 2002 3181 ustiniani
2060 3114 2519 3199 aliquomodo
2557 3114 3036 3182 assimitatus,

968 3207 1124 3291 258.
1219 3222 1419 3289 Inter
1470 3224 2022 3308 compilationes
2081 3223 2763 3306 ante-gregorianas
2798 3222 3040 3305 primo

792 3334 954 3399 loco
991 3331 1441 3397 recensenda
1475 3334 1588 3397 est
1624 3332 1960 3397 collectio
1999 3350 2215 3415 quam
2266 3348 2456 3395 anno
2517 3331 2692 3397 1190
2736 3330 3041 3413 evulga-

793 3440 903 3507 vit
935 3438 1349 3505 Bernardus
1407 3437 1644 3520 Circa,
1699 3440 1822 3506 vel
1886 3438 2085 3505 Cirta
2142 3438 2521 3521 Papiensis
2584 3437 3039 3520 Propositus,

796 3547 963 3614 dein
996 3547 1398 3630 Episcopus
1433 3546 1907 3612 Faventinus.
1964 3546 2313 3628 Quamvis
2381 3546 2857 3611 communiter
2914 3564 3043 3611 vo-

796 3661 1004 3722 catur
1034 3656 1281 3721 Prima
1335 3656 1812 3721 Decretalium
1880 3652 2224 3738 Collectio,
2280 3670 2441 3719 eam
2497 3657 2743 3718 tamen
2785 3657 3047 3719 auctor

797 3764 1206 3849 appellavit
1234 3764 1677 3829 Breviarium
1698 3762 2359 3849 Eoetravayantium:
2384 3762 2831 3828 Breviarium
2846 3779 3042 3827 nem·

795 3874 914 3956 pe,
955 3872 1123 3955 quia
1162 3889 1305 3936 non
1334 3863 1623 3954 integra
1657 3870 2083 3936 continebat
2144 3874 2639 3953 monumenta,
2701 3869 2833 3935 sed
2885 3871 3049 3934 tan-

797 3984 950 4045 tum
974 3981 1388 4062 fragmenta
1423 3977 1782 4063 quaedam
1816 3996 1861 4042 a
1894 3980 2043 4043 suis
2080 3977 2555 4061 autographis
2592 3976 2861 4060 decisa,
2882 3976 3049 4042 bre-

797 4088 1050 4153 vitatis
1085 4106 1331 4170 causa3
1367 4086 2010 4172 Extravayantium
2042 4104 2248 4168 ver0,
2314 4084 2538 4169 (quod
2570 4088 2863 4151 veteres
2912 4102 3049 4167 per

800 4194 1121 4260 litteram
1153 4194 1220 4259 X
1257 4194 1823 4278 significabant),
1865 4194 2036 4277 quia
2071 4191 2738 4276 comprehendebat
2796 4208 3046 4256 monu-

801 4305 1046 4377 menta
1113 4302 1703 4385 extravagantia‚
1762 4318 1890 4367 seu
1944 4318 2131 4385 quae
2187 4307 2399 4366 extra
2464 4298 2801 4365 Gratiani
2862 4316 3046 4391 opus

806 4410 1293 4493 vagabantur.
