3332 5100
193 858 222 880 0

1206 352 1560 415 —327-

268 496 483 558 lorum
511 496 868 572 Principis,
906 503 974 556 et
1003 494 1385 573 Coapostoli
1414 498 1561 572 eJus
1588 496 1805 571 Pauli,
1832 499 2261 573 omniumque
2297 499 2503 559 Sane-

271 587 485 637 torum
516 576 867 651 Coelitum,
912 578 1027 651 qui
1081 579 1249 637 faeti
1270 579 1413 653 jam
1459 578 1660 637 amioi
1715 578 1839 637 Dei
1895 587 2355 653 pervenerunt
2417 581 2503 639 ad

270 659 591 719 eoelestia
619 673 857 734 regna,
886 666 953 717 et
975 659 1281 718 coronati
1304 659 1653 733 possident
1676 660 1989 733 palmam,
2019 677 2101 719 ae
2129 663 2213 719 de
2237 677 2361 719 sua
2385 661 2501 719 im-

270 740 679 800 mortalitate
712 739 956 813 seeuri,
993 740 1076 799 de
1106 748 1338 799 nostra
1370 746 1524 798 sunt
1561 740 1777 798 salute
1812 741 2107 799 solliciti.

428 819 757 893 Denique,
792 820 1181 880 coelestium
1213 820 1507 879 omnium
1543 820 1870 879 donorum
1905 821 2169 895 copiam
2199 821 2409 879 Vobis
2463 825 2503 879 a

267 899 408 959 Deo
439 916 528 958 ex
549 900 771 960 animo
806 900 1273 975 adpreoantes,
1310 900 1676 975 singularis
1707 899 1989 960 Nostrae
2025 903 2091 959 in
2123 901 2257 961 Vos
2285 901 2501 959 chari-

269 980 429 1039 tatis
472 981 718 1055 pignus
760 981 1219 1054 Apostolieam
1266 980 1818 1040 Benedictionem
1861 996 1949 1039 ex
2003 983 2235 1041 intimo
2299 983 2503 1039 eorde

269 1061 663 1136 profectam,
690 1060 898 1120 Vobis
920 1060 1105 1136 ipsis,
1139 1061 1581 1121 Venerabiles
1611 1060 1909 1133 Fratres,
1937 1063 2335 1135 cunctisque
2363 1061 2505 1121 Cle—

266 1141 453 1214 riois,
487 1141 847 1215 Laicisque
870 1142 1183 1203 fidelibus
1215 1158 1421 1202 curae
1450 1147 1722 1201 vestrae
1764 1143 2123 1217 commisiS,
2155 1159 2505 1217 peraman-

268 1228 373 1281 ter
407 1220 850 1297 impertimus.

428 1301 676 1360 Datum
694 1301 945 1360 Romae
979 1301 1162 1375 apud
1193 1300 1260 1362 S.
1288 1301 1584 1375 Petrum,
1611 1302 1723 1360 die
1745 1300 1903 1361 VIII
1925 1303 2307 1361 decembris
2331 1319 2505 1361 auno

269 1382 447 1459 1864,
479 1382 739 1441 decimo
772 1385 813 1440 a
852 1382 1251 1456 Dogmatioa
1276 1382 1682 1442 Definitione
1705 1382 2191 1442 Immaculatae
2219 1381 2511 1457 Concep-

268 1462 471 1521 tionis
504 1462 839 1538 Deiparae
873 1461 1176 1539 Virginis
1232 1463 1506 1524 Mariae.
1555 1463 1993 1523 Pontificatus
2043 1463 2269 1523 Nostri
2319 1465 2509 1523 Anno

267 1542 748 1603 Deoimonono.

1025 1860 1581 1939 APPENDIX
1611 1863 1695 1937 II

1022 2205 1769 2308 SYLLABUS

267 2388 736 2437 COMPLECTENS
755 2389 1162 2434 PRAECIPUOS
1190 2389 1483 2434 NOSTRAE
1505 2389 1780 2434 AETATIS
1801 2391 2111 2449 ERRORES,
2141 2392 2253 2449 QUI
2277 2390 2519 2433 NOTAN-

430 2488 566 2532 TUR
620 2489 686 2531 IN
732 2487 1292 2532 ALLOCUTIONIBUS
1339 2487 1955 2550 CONSISTORIALIBUS,
2009 2489 2073 2530 IN
2133 2487 2517 2544 ENCYCLICIS,

431 2586 733 2646 ALIISQUE
783 2587 1193 2632 APOSTOLICIS
1245 2585 1537 2631 LITTERIS
1578 2585 1969 2631 SANCTISSIMI
2025 2586 2257 2630 DOMINI
2289 2586 2521 2632 NOSTRI

432 2687 522 2730 PII
547 2686 762 2730 PAPAE
792 2686 880 2729 lx.

351 2867 421 2944 §-
472 2868 532 2926 Ι.
554 2867 1103 2943 -Pantheismus,
1140 2867 1641 3007 Natugatlismus
1672 2871 1731 2925 et
1777 2866 2307 2926 Rationalismus
2333 2868 2437 2926 ab·

1255 2966 1324 3008 so
1353 2966 1398 3007 u
1428 2965 1531 3007 us.

434 3115 486 3174 Ι.
574 3115 844 3175 Nullum
889 3131 1293 3191 supremum,
1356 3115 1946 3190 sapientissimum,
2009 3114 2517 3190 providentissi-

270 3212 589 3271 mumque
620 3196 883 3255 Numen
919 3196 1224 3255 divinum
1247 3197 1515 3256 exsistit
1538 3198 1625 3256 ab
1655 3197 1785 3255 hae
1837 3212 2066 3256 rer-um
2113 3196 2519 3256 universita-

269 3287 337 3337 te
366 3277 782 3347 distinetum‚
823 3285 889 3336 et
913 3277 1092 3336 Deus
1125 3277 1303 3336 idem
1326 3285 1427 3336 est
1457 3293 1538 3336 ao
1568 3293 1794 3337 rerum
1819 3286 2087 3350 natura,
2141 3286 2207 3336 et
2261 3276 2519 3334 ideireo

269 3357 760 3417 mutationibus
795 3358 1149 3430 obnoxius,
1202 3357 1519 3432 Deusque
1575 3373 1816 3433 reapse
1873 3360 1947 3417 fit
2001 3358 2071 3416 in
2129 3358 2397 3416 homine
2455 3362 2521 3414 et

270 3439 543 3512 mund0,
572 3445 776 3512 atque
807 3439 1030 3498 omnia
1054 3438 1235 3496 Deus
1266 3446 1441 3512 sunt,
1505 3445 1571 3496 et
1612 3439 2021 3513 ipsissimam
2075 3438 2201 3496 Dei
2265 3438 2523 3494 habent

272 3519 746 3593 substantiam3
776 3536 856 3578 ao
880 3534 1014 3578 una
1045 3519 1419 3592 eademque
1448 3534 1559 3577 res
1590 3526 1692 3577 est
1722 3519 1901 3578 Deus
1935 3536 2087 3578 cum
2145 3518 2419 3590 mund0‚
2459 3522 2525 3574 et

270 3599 557 3674 proinde
584 3600 858 3674 spiritus
883 3616 1035 3658 eum
1065 3599 1373 3673 materia,
1429 3599 1804 3658 necessitas
1853 3616 2005 3658 cum
2029 3600 2373 3670 libertate,
2411 3614 2521 3654 ve-

271 3695 424 3739 rum
447 3696 602 3738 oum
623 3680 817 3748 falso,
853 3682 1100 3739 bonum
1132 3696 1284 3738 oum
1316 3679 1513 3752 male,
1545 3686 1612 3737 et
1629 3680 1887 3753 justum
1921 3696 2071 3738 cum
2105 3680 2359 3752 injusto
2409 3676 2523 3754 (1).

432 3759 520 3819 H.
607 3760 937 3835 Neganda
965 3768 1068 3822 est
1096 3760 1305 3823 omnis
1335 3760 1463 3818 Dei
1500 3760 1679 3818 aetio
1739 3760 1810 3818 in
1861 3760 2163 3818 homines
2211 3765 2277 3816 et
2337 3774 2525 3816 mun-

275 3841 435 3900 dum
471 3840 586 3920 (2).

433 3920 552 3980 III.
640 3919 950 3980 Humana
980 3921 1176 3995 ratio,
1212 3921 1396 3980 nullo
1428 3935 1705 3996 prorsus
1735 3919 1859 3979 Dei
1883 3926 2203 3994 lespeetu
2261 3918 2519 3990 habite,

272 3999 514 4060 unicus
546 4006 610 4060 et
636 4002 786 4061 veri
807 4009 875 4061 et
903 4002 1061 4061 falsi
1086 4002 1248 4062 boni
1294 4008 1361 4060 et
1392 4001 1552 4061 mali
1583 4001 1866 4075 arbiter,
1903 4002 2033 4058 sibi
2067 4000 2197 4074 ipsi
2231 4004 2335 4056 est
2383 3998 2521 4072 lex,

417 4214 497 4355 g}
568 4214 761 4342 ΙΑὲιιξεέ
774 4214 1032 4272 Mam-ima
1056 4215 1285 4286 quidem,
1312 4215 1347 4269 9
1370 4218 1519 4286 junii
1550 4221 1704 4272 1862.
