3332 5100
1684 392 2038 450 „134-

745 542 925 602 mere
957 537 1293 622 gratuite&
1325 535 1496 618 quia
1527 554 1664 600 nec
1700 538 2016 614 materia,
2058 536 2256 598 circa
2312 552 2531 616 quam
2565 536 2981 614 versantur,

745 662 881 708 nec
903 666 1244 730 personae
1277 644 1750 709 contrahentes
1794 644 1994 706 aliud
2028 644 2426 724 patiuntur:
2469 660 2615 704 non
2647 642 2983 720 materia,

747 752 1087 832 quoniam
1116 767 1261 829 ree,
1291 748 1381 812 de
1414 749 1672 832 quibus
1710 756 1960 830 agunt,
2000 750 2122 812 vel
2164 756 2332 812 suut
2366 750 2807 830 spiritualeS,
2863 748 2987 810 vel

743 858 1184 938 temporales
1206 856 1706 938 spiritualibus
1732 856 2090 936 adnexae;
2128 874 2270 918 non
2300 874 2685 938 personae,
2715 856 2984 936 quippe

743 964 1104 1028 Romanus
1159 963 1498 1028 Pontifex
1543 964 1878 1046 superior
1934 972 2044 1026 est
2108 964 2599 1044 potestatibus
2659 962 2983 1026 saecula-

743 1072 965 1136 ribus.

920 1177 1250 1241 Diximus
1284 1198 1440 1242 cum
1492 1178 1890 1242 nationibus
1942 1178 2300 1242 catholicis
2352 1178 2559 1256 inita,
2625 1176 2795 1258 quia
2827 1176 2985 1256 ipse

743 1284 1090 1366 Tarquini
1120 1285 1395 1348 fatetur
1428 1283 1860 1364 Ecclesiam,
1890 1284 1952 1346 si
1986 1284 2376 1366 aliquando
2414 1284 2507 1346 ob
2543 1284 2979 1364 populorum

743 1394 1051 1454 salutem
1087 1396 1571 1473 opportunum
1628 1394 1924 1456 duceret
1982 1390 2441 1456 concordata
2501 1392 2777 1472 pacisci
2821 1410 2985 1454 cum

743 1499 1151 1562 infidelibus
1216 1508 1435 1581 atque
1498 1500 1912 1578 haereticis,
1952 1500 2074 1580 qui
2140 1498 2519 1560 Ecclesiae
2576 1498 2983 1562 catholicae

741 1607 1302 1688 praerogativas
1357 1615 1430 1669 et
1489 1608 2004 1670 auctoritatem
2060 1624 2202 1668 non
2262 1612 2705 1686 agnoscunt,
2753 1606 2857 1668 ita
2905 1622 2985 1668 se

741 1730 1000 1792 gerere
1037 1720 1401 1795 oportere,
1462 1718 1541 1776 ut
1573 1714 1774 1794 pacti
1832 1714 2152 1794 speciem
2214 1714 2288 1776 in
2330 1714 2587 1776 iisdem
2643 1714 2981 1792 retineat,

745 1838 977 1902 eaque
1011 1821 1316 1902 perinde
1354 1838 1444 1883 ac
1470 1828 1804 1884 caeteras
1830 1820 2208 1902 pactiones
2242 1830 2515 1884 servet:
2547 1820 2735 1902 quod
2769 1822 2831 1884 si
2867 1822 2983 1884 ob-

741 1928 1026 1992 servari
1059 1929 1334 2010 absque
1394 1929 1650 1992 salutis
1706 1936 2052 1992 aeternae
2085 1928 2519 1992 detrimento
2583 1936 2979 2010 nequeant,

747 2052 903 2098 rem
937 2040 1179 2099 mutuo
1241 2052 1598 2099 consensu
1658 2036 2234 2116 componendam
2286 2042 2517 2116 curet;
2555 2036 2665 2098 sin
2702 2054 2873 2098 vero
2911 2036 2985 2098 id

743 2142 939 2204 nullo
977 2141 1184 2205 modo
1221 2142 1533 2206 obtineri
1557 2148 2020 2224 posset,tunc
2054 2150 2096 2206 a
2124 2142 2264 2204 fide
2300 2142 2469 2206 data
2499 2144 2753 2206 merit-o
2787 2160 2981 2206 rece-

747 2248 899 2330 dat,
935 2266 1104 2313 nam
1138 2267 1223 2313 eo
1259 2249 1334 2314 in
1366 2266 1543 2313 casu
1596 2268 1774 2314 vera
1808 2250 2028 2314 etiam
2071 2256 2290 2332 pacta
2336 2252 2485 2314 vim
2541 2268 2745 2314 suam
2779 2250 2981 2312 amit-

744 2360 931 2418 tunt.

877 2460 1386 2544 Subjungimus
1414 2466 1832 2548 qeneraliter
1858 2464 2214 2547 loquendo,
2252 2464 2519 2526 etenim
2553 2464 2711 2526 fieri
2745 2468 2985 2545 potest

745 2573 823 2635 ut
857 2569 1318 2635 Concordata
1350 2571 1714 2636 interdum
1750 2573 1906 2635 sine
1944 2571 2320 2635 doctrinae
2352 2571 2803 2635 orthodoxae
2831 2573 2979 2651 jac-

743 2683 909 2739 tura
943 2677 1085 2740 sint
1146 2678 1400 2742 stricte
1450 2683 1672 2760 pacta
1714 2679 2352 2759 synallagmatica,
2406 2679 2599 2760 quod
2651 2677 2983 2759 equidem

745 2783 1014 2865 duplici
1048 2784 1124 2848 in
1156 2802 1332 2849 casu
1366 2787 1798 2868 praesertim
1836 2787 2152 2849 eveniet:
2196 2787 2298 2847 1.0
2331 2803 2495 2847 cum
2531 2785 2859 2849 Ecclesia
2893 2783 2981 2847 de

743 2893 959 2955 rebus
991 2893 1422 2974 quibusdam
1458 2895 2006 2975 temporalibus,
2066 2893 2322 2975 quibus
2356 2893 2755 2975 spiritualis
2789 2891 2977 2955 ratio

743 2997 1030 3063 adnexa
1093 3001 1214 3079 sit,
1250 3000 1354 3064 ita
1412 3018 1573 3064 cum
1630 3001 1982 3063 societate
2034 3001 2234 3063 civili
2266 2999 2679 3081 stipuletur,
2735 3005 2809 3061 ut
2839 2999 2983 3079 pri-

743 3123 933 3169 mum
984 3107 1342 3172 rationem
1378 3108 1834 3189 spiritualem
1884 3109 1976 3171 ab
2010 3109 2098 3171 iis
2130 3113 2451 3189 separet,
2489 3107 2747 3171 deinde
2783 3107 2981 3171 circa

745 3229 871 3275 eas
907 3218 1360 3279 contractum
1415 3215 1638 3295 ineat;
1700 3215 1804 3277 2.⁰
1840 3217 2126 3297 quando
2182 3223 2414 3280 status
2469 3217 2591 3279 vel
2641 3217 2983 3297 princeps

743 3337 897 3383 rem
935 3320 1254 3404 aliquam
1286 3323 1760 3404 temporalem
1798 3325 1870 3385 in
1906 3323 2312 3387 Ecclesiam
2338 3325 2761 3403 transferat,
2789 3323 2983 3405 quod

747 3429 1034 3509 quidem
1072 3447 1202 3510 per
1240 3433 1694 3493 contractum
1748 3431 2044 3511 proprie
2100 3431 2370 3493 dictum
2424 3431 2679 3511 perfici
2711 3435 2977 3511 potest;

741 3553 911 3599 nam
967 3536 1154 3600 ratio
1188 3537 1614 3619 spiritualiS,
1676 3539 1962 3601 nonnisi
2018 3543 2515 3601 consummato
2573 3543 2977 3619 contractu,

741 3644 1191 3725 supervenit,
1221 3643 1360 3707 hoc
1386 3648 1520 3724 est,
1552 3661 1710 3708 cum
1732 3647 1886 3727 jam
1910 3662 2040 3725 per
2066 3645 2290 3725 ipsius
2318 3645 2695 3709 Ecclesiae
2725 3661 2979 3725 accep-

739 3751 1087 3815 tationem
1122 3768 1241 3814 res
1277 3748 1414 3814 Dei
1446 3750 1550 3833 fit,
1590 3759 1662 3815 et
1694 3753 1768 3815 in
1801 3753 2018 3815 finem
2052 3751 2509 3833 spiritualem
2546 3751 2851 3815 dicatur.

919 3857 1073 3921 163.
1169 3856 1311 3923 Sed
1345 3861 1682 3941 quamvis
1742 3863 2118 3943 opiniones
2170 3863 2244 3925 in
2282 3863 2553 3925 scholis
2601 3863 2981 3925 catholicis

741 3964 1133 4027 sustentari
1168 3966 1470 4048 possint,
1523 3969 1596 4030 et
1620 3969 1832 4047 juxta
1866 3969 1954 4031 D.
1986 3969 2372 4049 Augustini
2410 3971 2719 4033 effatum
2743 3971 2817 4033 in
2853 3971 2975 4033 du-

741 4070 873 4133 biis
897 4071 1202 4153 libertas,
1238 4073 1624 4156 unicuique
1660 4077 1752 4137 sit
1798 4077 2106 4141 liberum
2162 4095 2368 4139 suam
2406 4095 2585 4159 prae
2621 4079 2785 4139 aliis
2819 4095 2977 4139 sen-

739 4177 1042 4241 tentiam
1077 4179 1292 4261 tueri,
1329 4184 1575 4245 tamen
1632 4183 2064 4263 impugnare
2113 4183 2445 4265 cogimur
2486 4185 2835 4265 placitum
2869 4201 2979 4247 re-

739 4285 1168 4365 galistarum
1223 4288 1704 4353 asserentium
1760 4289 2216 4355 Concordata
2274 4309 2432 4357 esse
2491 4297 2715 4375 pacta
2763 4311 2977 4375 syna-
