3332 5100
1322 361 1397 375 ...-
1441 330 1519 389 39
1563 364 1639 375 -

361 474 833 558 ciplinaribus
860 472 1304 557 discrepant,
1341 474 1446 539 uti
1475 474 1738 558 aperte
1772 473 2050 538 eruitur
2081 490 2174 538 ex
2241 473 2599 557 sequenti*

359 583 492 647 bus
527 580 957 646 Tertulliani
990 580 1261 646 verbis:
1301 582 1565 666 Reyula
1604 582 1876 665 quidem
1926 581 2091 667 fidei
2140 601 2277 646 una
2330 582 2600 646 omnino

361 697 480 771 est,
511 689 662 754 sola
691 688 1064 753 immovilis
1098 695 1161 752 et
1207 689 1814 773 irreformabilis...
1862 689 2015 753 Hac
2062 688 2201 774 leye
2241 689 2407 776 fidei
2462 711 2600 754 ma-

360 803 578 876 nente,
613 801 885 861 caetera
915 796 1076 881 jam
1129 806 1603 858 DISOEPLINAE
1650 801 1715 858 et
1770 795 2310 859 conversationis
2358 795 2602 860 admit-

363 909 515 968 tunt
546 904 915 968 novitatem
947 903 1421 986 correptionis,
1451 908 1777 986 operante
1812 903 2092 984 scilicet,
2123 909 2186 968 et
2203 904 2604 990 proficiente

361 1030 573 1094 usque
608 1010 681 1074 in
708 1011 911 1096 finem
941 1010 1175 1095 qratia
1206 1009 1344 1075 Dei
1378 1008 1496 1092 (1).

544 1114 654 1179 Ad
680 1115 1255 1197 praefiniendum
1285 1118 1675 1198 utrumque
1702 1116 2140 1181 elementum
2176 1115 2475 1199 aliquid,
2508 1121 2606 1182 et-

364 1220 430 1283 si
461 1220 806 1304 breviter,
842 1222 1091 1303 prouti
1127 1240 1282 1287 mos
1317 1225 1450 1305 est,
1490 1221 1578 1286 de
1611 1223 2174 1289 immutabilitate
2216 1228 2291 1289 et
2320 1224 2606 1289 mutabi-

367 1328 563 1393 litate
594 1326 1056 1410 Disciplinae
1089 1328 1549 1395 disseremus.

545 1433 655 1499 38.
751 1433 1166 1518 Disciplina
1199 1436 1661 1501 immutabilis
1696 1452 1785 1500 ea
1841 1435 2128 1502 dicitur:
2190 1457 2361 1520 quae
2424 1438 2610 1502 circa

367 1560 481 1606 res
514 1541 793 1606 divinae
825 1542 1313 1624 institutionis,
1349 1542 1454 1606 vel
1489 1542 1793 1627 doymati
1826 1543 2158 1625 adneoeas,
2220 1543 2327 1607 vel
2355 1542 2608 1629 funda-

368 1648 731 1714 mentalem
785 1648 1141 1714 Ecclesiae
1206 1650 1757 1737 constitutionem
1820 1657 2204 1733 spectantes
2266 1657 2606 1729 versata-m

366 1753 539 1818 hinc
571 1754 881 1819 infertur
907 1759 1217 1837 quatuor
1244 1772 1405 1819 esse
1434 1754 1865 1837 disciplinae
1892 1754 2359 1819 immutabilis
2399 1772 2608 1836 gene-

369 1879 481 1925 ra:
524 1859 626 1926 1.⁰
661 1861 1128 1944 disciplinam
1157 1879 1345 1944 quae
1408 1862 1652 1926 divina
1715 1860 2003 1943 dicitur3
2070 1860 2174 1925 2.⁰
2231 1861 2612 1945 disciplina

371 1985 560 2050 quae
581 1989 717 2052 per
749 1989 818 2033 se
854 1968 1158 2053 doymati
1185 1969 1466 2033 adnexa
1495 1973 1836 2050 vocatur3
1874 1968 1979 2033 3.⁰
2008 1968 2391 2051 disciplina
2425 1988 2610 2053 quae

371 2074 790 2156 appellatur
811 2094 948 2159 per
975 2074 1294 2139 accidens
1328 2095 1480 2139 cam
1514 2076 1841 2161 doymata
1876 2078 2273 2163 conjuncta,·
2333 2075 2440 2142 4.⁰
2473 2076 2610 2141 dis—

372 2179 647 2262 ciplina
715 2198 904 2264 quae
983 2187 1183 2248 recte
1257 2184 1813 2269 fundamentalis
1858 2184 2267 2269 nuncupari
2345 2189 2608 2268 potest,

372 2292 732 2369 quatenus
765 2289 1129 2373 principia
1163 2291 1638 2356 constitutiva
1673 2297 1747 2357 et
1781 2293 2208 2358 essentialia
2240 2291 2614 2357 societatis

372 2395 821 2462 christianae
857 2397 1276 2463 immediate
1308 2400 1635 2483 respicit.

555 2502 664 2571 39.
760 2504 874 2570 Ad
898 2504 1360 2589 disciplinam
1388 2506 1713 2573 divinam
1740 2507 2086 2574 distincte
2122 2509 2614 2575 internoscen-

375 2612 546 2677 dam
594 2612 774 2677 duas
810 2613 885 2676 in
924 2619 1265 2696 promptu
1297 2613 1650 2679 habemus
1718 2617 2017 2698 regulas
2070 2635 2114 2680 a
2174 2616 2614 2682 Bellarmino

374 2725 690 2785 statutas
714 2735 722 2742 ·
748 2719 870 2803 (2):
933 2722 1224 2787 traditio
1264 2724 1649 2807 apostolica
1707 2732 1924 2806 atque
1988 2725 2285 2789 materia
2349 2725 2611 2790 divina.

372 2827 584 2893 Nunc
601 2844 778 2892 vero
816 2845 1338 2910 cognoscemus
1375 2830 1775 2913 quamlibet
1795 2825 2057 2914 legem,
2088 2831 2616 2897 ordinationem

371 2934 502 3000 vel
534 2934 823 3018 praxim
861 2936 1286 3020 apostolicae
1321 2937 1688 3004 traditioni
1725 2937 2285 3007 adscribendam
2341 2955 2525 3021 esse,
2560 2942 2622 3004 si

371 3059 512 3125 pro
544 3059 622 3107 se
647 3041 991 3107 habuerit
1015 3048 1402 3125 sequentes
1429 3049 1639 3107 notas
1668 3062 1713 3107 a
1740 3043 2026 3109 Sanctis
2053 3043 2389 3109 Patribus
2418 3045 2616 3110 velu-

369 3151 433 3216 ti
469 3155 711 3216 certas
746 3156 820 3216 et
881 3151 1277 3217 tutissimas
1333 3158 1697 3236 receptas:
1739 3152 1841 3218 1.⁰
1904 3155 2411 3220 observantiam
2471 3158 2620 3218 uni-

372 3259 744 3340 versalem,
798 3259 972 3342 quin
1025 3260 1256 3341 possit
1312 3259 1786 3325 determinari
1853 3260 2179 3342 eiusdem
2237 3261 2439 3344 origo
2496 3279 2622 3325 seu

374 3366 848 3451 principium,
906 3386 1100 3449 nam,
1163 3372 1380 3451 prout
1445 3369 1792 3434 observat
1855 3367 2086 3433 Divus
2151 3367 2618 3452 Augustinus,‚

373 3475 601 3540 multa
635 3495 808 3558 quae
832 3497 969 3542 non
995 3477 1443 3541 inveniantur
1476 3478 1551 3541 in
1583 3477 1843 3542 litteris
1875 3473 2383 3561 Apostolorum,
2414 3495 2622 3558 neque

376 3585 460 3648 in
492 3583 805 3648 conciliis
826 3584 1317 3667 posteriorum,
1354 3590 1416 3649 et
1447 3591 1675 3650 tamen
1701 3585 1865 3668 qaia
1877 3604 2015 3668 per
2048 3586 2444 3649 universam
2478 3601 2622 3646 cas-

379 3689 746 3755 todiuntur
780 3689 1184 3772 Ecclesiam,
1219 3692 1497 3756 nonnisi
1530 3692 1614 3756 ab
1651 3693 1829 3776 ipsis
1865 3691 2132 3757 tradita
2182 3699 2246 3756 et
2299 3711 2622 3756 commen-

380 3798 556 3863 data
579 3798 955 3862 creduntur
981 3797 1101 3878 (3):
1141 3796 1245 3862 2.⁰
1259 3799 1555 3881 praesim
1582 3799 2030 3864 ecclesiarum
2056 3799 2616 3883 apostolicarum,

374 3905 594 3988 juxta
625 3903 754 3968 illa
789 3903 1219 3970 Tertulliani
1254 3905 1506 3970 verba:
1543 3906 1632 3970 Id
1695 3927 1838 3971 esse
1872 3906 1954 3971 ab
1988 3903 2344 3990 Apostolis
2406 3908 2622 3972 tradi-

529 4121 603 4186 (1)
672 4115 797 4172 Isib.
815 4115 880 4171 de
902 4115 1204 4186 virqinibus
1227 4116 1487 4171 velandis.

531 4193 606 4258 (2)
675 4186 765 4242 De
797 4187 951 4242 verbo
978 4187 1103 4257 Dei,
1131 4187 1224 4242 lib.
1252 4186 1361 4245 IV.
1394 4205 1512 4257 cap.
1533 4187 1585 4243 9.

528 4265 604 4329 (3)
676 4258 799 4315 Ia‘b.
826 4258 904 4313 II
919 4259 983 4315 de
1006 4257 1178 4330 Bapt.
1209 4262 1379 4315 contr.
1404 4258 1599 4314 Donat
1650 4274 1767 4327 cap.
1797 4259 1849 4314 7.
