3332 5100
836 390 863 410 Ι
1267 391 1583 500 '‘3¹“

300 539 370 600 et
397 534 767 623 Pontificii.
808 532 1087 622 Dicitur
1122 534 1657 600 ecclesiasticum
1685 531 1968 596 ratione
2004 532 2294 618 oriyi‘nis
2342 534 2414 596 et
2440 531 2545 598 ob-

282 642 477 730 jecti,
516 642 858 724 quoniam
886 651 959 704 et
986 641 1488 704 ecclesiastica
1524 642 1886 722 potestate
1922 644 2269 704 statutum
2303 643 2436 720 est,
2475 641 2550 703 et

300 749 387 812 de
422 748 757 832 personis
794 747 1155 828 rebusque
1203 745 1722 811 ecclesiasticis
1774 745 1948 827 agit3
2001 745 2425 828 canonicum,
2461 763 2548 810 eo

300 857 491 940 quod
518 855 853 920 Ecclesia
878 861 1109 918 mater
1137 853 1485 936 piissima,
1515 853 1841 918 lenitatis
1860 869 1948 917 ac
1975 852 2547 918 mansuetudinis

299 964 557 1046 spiritu
582 963 825 1044 ducta,
851 957 1019 1026 suas
1058 961 1260 1042 leges
1310 977 1734 1042 nuncupare
1785 959 2038 1024 maluit
2065 977 2384 1024 canones
2419 977 2548 1026 seu

298 1072 617 1153 regulas3
656 1069 990 1150 divinum,
1028 1067 1150 1134 vel
1178 1067 1349 1151 quia
1385 1086 1703 1133 canones
1729 1050 1898 1133 sunt
1917 1068 2428 1133 conclusiones
2456 1085 2548 1133 ex

297 1178 481 1261 legis
518 1176 813 1243 divinae
862 1175 1240 1259 principiis
1276 1175 1680 1259 derivatae,
1711 1176 1835 1242 vel
1892 1175 2062 1259 quia
2094 1175 2338 1240 multis
2371 1175 2548 1260 legi-

296 1286 431 1352 bus
456 1285 728 1350 divinis
763 1286 1075 1364 constat,
1106 1283 1226 1347 vel
1259 1283 1429 1365 quia
1456 1283 1854 1348 auctoritas
1881 1300 2198 1348 canones
2228 1283 2548 1348 condens

300 1392 552 1458 divina
588 1393 662 1456 in
689 1409 817 1455 suo
854 1389 1134 1472 origine
1163 1393 1297 1472 est,
1335 1394 1585 1472 utpote
1611 1390 1828 1454 Petro
1855 1390 1920 1472 ej
1933 1408 2156 1474 usque
2181 1407 2548 1455 successo·

299 1499 497 1563 ribus
523 1497 864 1562 Romanis
894 1495 1589 1562 PontificibusaDeo
1618 1497 1893 1561 directe
1925 1498 2222 1578 collata3
2245 1517 2546 1580 sacrum,

299 1612 449 1670 tum
486 1607 658 1688 quia
694 1610 949 1668 auctor
983 1604 1223 1684 legum
1256 1607 1365 1667 est
1396 1621 1709 1685 persona
1745 1621 1982 1686 sacra,
2013 1603 2362 1668 videlicet
2393 1605 2549 1686 ipse

301 1713 628 1779 Christus
664 1725 790 1776 aut
820 1712 1197 1776 Ecclesiae
1223 1719 1577 1793 potestas,
1608 1719 1758 1776 tum
1788 1711 1958 1794 quia
1985 1713 2316 1792 materia,
2351 1713 2549 1776 circa

300 1841 517 1906 quam
555 1829 917 1902 versatur,
954 1837 1167 1883 sacra
1202 1827 1337 1902 est,
1378 1825 1525 1884 tum
1561 1821 1782 1883 etiam
1809 1820 1980 1902 quia
2007 1819 2192 1900 finiS,
2226 1819 2316 1882 ad
2345 1819 2548 1900 cujus

300 1927 948 2010 consequutionem
983 1925 1234 1988 fideles
1284 1925 1553 2008 dirigit,
1618 1930 1730 1989 est
1782 1943 2016 2008 sacer,
2079 1927 2200 2008 qui
2253 1926 2414 1989 finis
2475 1925 2550 1990 in

298 2033 881 2100 sanctificatione
915 2037 988 2097 et
1038 2036 1341 2096 aeterna
1398 2033 1802 2097 animarum
1861 2031 2312 2098 beatitudine
2369 2033 2548 2097 situs

298 2152 435 2225 est3
462 2141 919 2228 pontificium,
958 2143 1034 2202 ut
1068 2157 1111 2202 a
1136 2139 1303 2220 jure
1338 2137 1699 2204 Caesareo
1733 2140 1857 2206 vel
1905 2137 2122 2205 Civili
2155 2139 2547 2221 distingua-

298 2256 448 2334 tur,
500 2250 800 2330 insuper
856 2251 1250 2329 propterea
1306 2247 1496 2329 quod
1551 2246 1962 2330 pontificias
1997 2247 2548 2311 constitutiones

300 2357 835 2439 complectitur,
875 2371 962 2417 ac
997 2354 1391 2436 praecipue
1427 2354 1597 2435 quia
1630 2372 1768 2419 nec
1797 2360 1906 2418 est
1937 2371 2072 2418 nec
2107 2355 2393 2438 concipi
2426 2371 2547 2436 po-

298 2472 443 2532 test
477 2466 601 2528 lex
639 2463 787 2525 ulla
846 2462 1201 2526 canonica
1260 2462 1537 2544 absque
1597 2462 2112 2544 explicatione,
2173 2462 2548 2526 sanctione

299 2576 423 2640 vel
472 2572 1001 2656 approbatione
1050 2571 1353 2635 Romani
1402 2572 1794 2653 Pontificis,
1850 2572 1970 2653 qui
2017 2572 2246 2635 veluti
2319 2570 2547 2635 omnis

291 2683 479 2764 juris
515 2682 673 2743 fons
709 2679 960 2741 unicus
999 2682 1071 2741 et
1118 2678 1606 2761 primordialis
1669 2679 1761 2741 ab
1820 2678 2162 2742 universa
2217 2677 2550 2742 Ecclesia

298 2788 556 2853 haberi
590 2792 664 2850 et
689 2786 829 2849 coli
865 2785 1102 2848 debet.

484 2893 591 2957 14.
687 2892 731 2956 J
739 2910 817 2955 us
853 2889 1086 2956 Civile
1114 2893 1206 2956 ab
1232 2892 1754 2957 Ecclesiastico
1785 2894 2271 2977 distinguitur:
2309 2895 2410 2959 1.0
2438 2912 2548 2958 ra·

301 3003 499 3068 tione
533 3002 843 3086 oriyim'S,
878 2999 1047 3081 quia
1082 3001 1299 3065 civile
1335 3018 1378 3063 a
1414 2998 1569 3065 Deo
1618 3002 1949 3084 procedit
1998 3009 2365 3085 tamquam
2427 3022 2544 3068 au-

302 3120 504 3176 ctore
541 3123 845 3173 naturae
880 3116 951 3170 et
985 3108 1343 3171 humanae
1381 3109 1754 3173 societatis
1789 3110 2322 3175 fundamentali
2356 3112 2548 3193 prin-

302 3222 519 3302 cipi0,
594 3216 1171 3281 ecclesiasticum
1230 3233 1405 3279 vero
1470 3233 1515 3278 a
1573 3216 1730 3280 Deo
1789 3220 2008 3282 etiam
2065 3218 2549 3302 proficiscitur

298 3327 532 3393 veluti
568 3333 865 3389 auctore
900 3326 1185 3407 gratiae
1219 3331 1292 3388 et
1317 3320 1865 3391 ecclesiasticae
1897 3327 2270 3391 societatis
2295 3326 2547 3391 funda-

300 3440 487 3517 tore3
524 3433 629 3498 2.⁰
662 3434 945 3498 ratione
1002 3436 1265 3521 objecti,
1315 3434 1657 3515 quoniam
1715 3436 2294 3501 ecclesiasticum
2352 3435 2550 3501 circa

299 3560 423 3609 res
445 3542 861 3625 spirituales
888 3558 975 3605 ac
1002 3559 1253 3605 sacras
1282 3544 1647 3626 versatur,
1680 3543 1898 3609 civile
1926 3547 2168 3607 autem
2214 3543 2301 3607 de
2334 3542 2550 3607 rebus

299 3650 824 3733 temporalibus
859 3656 931 3713 et
964 3649 1291 3731 profanis
1328 3649 1504 3731 agit3
1539 3649 1851 3733 denique
1884 3650 2168 3715 ratione
2217 3651 2398 3737 finis,
2450 3653 2546 3714 et·
2587 3692 2600 3705 ·

300 3757 1080 3824 enimecclesiasticum
1096 3763 1469 3821 aeternam
1484 3757 2006 3821 beatitudinem
2031 3757 2354 3841 respicit,
2381 3756 2550 3821 dum

298 3866 520 3931 civile
541 3865 885 3948 primario
914 3876 985 3929 et
1003 3864 1416 3929 immediate
1443 3866 1919 3949 temporalem
1943 3865 2368 3931 felicitatem
2386 3881 2546 3947 per-

294 3974 687 4039 ficiendam
715 3974 1267 4057 augendamque
1303 3983 1534 4039 curat.

483 4080 591 4146 15.
686 4080 798 4145 Ex
832 4082 1247 4147 memoratis
1282 4083 1742 4167 differentiis,
1797 4099 1984 4167 quae
2033 4082 2225 4147 inter
2269 4082 2387 4163 Jus
2437 4096 2549 4145 ec-

294 4196 793 4263 clesiasticum
816 4200 889 4260 et
906 4195 1124 4260 civile
1158 4193 1647 4257 essentialiter
1674 4194 1957 4276 vigent,
1976 4191 2247 4273 triplex
2276 4187 2549 4273 colligi·

290 4312 413 4373 tur
464 4322 716 4388 causa,
768 4322 912 4389 qua
959 4301 1089 4367 Jus
1141 4298 1584 4365 Canonicum
1632 4301 1848 4383 louge
1899 4298 2348 4382 multumque
2385 4295 2546 4363 Juri
