3332 5100
1752 378 2109 436 -272-

813 520 1076 602 Magno
1120 520 1392 584 Romae
1454 523 1935 587 commoranti
2004 522 2663 615 celebratisesimam
2716 523 3046 608 Dionysii

815 628 1071 709 Exigui
1110 627 1614 693 collectionem
1680 627 2008 712 donavit,
2071 630 2503 714 quibusdam
2567 633 3044 698 monumentis

703 724 735 754 ‘³
813 743 1124 816 auctam,
1165 740 1242 799 ut
1275 753 1404 800 suo
1443 736 1603 801 loco
1639 737 2224 819 explana-vimus.

986 844 1357 926 EJusmodi
1389 845 1747 911 Hadriani
1779 845 2027 928 Papae
2092 847 2449 913 canonica
2511 847 2807 912 donatio
2875 847 3049 929 Regi

811 954 1256 1017 Francorum
1310 954 1511 1017 facta
1567 971 1699 1036 per
1754 956 2335 1020 antonomasiam
2416 953 2645 1022 Codex
2695 954 3043 1023 Ganonum

811 1061 1180 1125 nominata
1205 1061 1344 1125 fuit
1394 1066 1699 1143 propter
1765 1061 2128 1145 duplicem
2192 1065 2706 1130 auctoritatem
2762 1064 3047 1130 Pontifi-

813 1172 997 1234 ciam
1030 1173 1251 1251 atque
1287 1167 1778 1251 Imperialem,
1817 1187 1960 1252 qua
1995 1170 2275 1254 pollere
2312 1173 2577 1254 coepit.

1008 1269 1184 1341 245(
1295 1274 1736 1361 Capitularia
1791 1277 2068 1359 Regum
2132 1277 2581 1345 Francorum
2646 1296 3049 1346 memorare

813 1387 1051 1468 operis
1085 1387 1397 1468 pretium
1434 1386 1784 1469 ducimus,
1825 1387 1975 1451 tum
2009 1387 2181 1470 quia
2229 1405 2482 1451 ansam
2543 1386 2902 1451 dederunt
2934 1405 3069 1451 no·-

811 1516 907 1560 νει
943 1496 1446 1561 ecclesiastica
1476 1501 1946 1560 monumenta
1981 1495 2397 1578 colligendi,
2429 1496 2580 1559 tum
2620 1494 2841 1558 etiam
2863 1494 3049 1577 quod

811 1624 901 1668 ex
935 1603 1173 1669 Sacris
1204 1600 1526 1686 Litteris,
1566 1604 1793 1668 variis
1830 1602 2171 1684 Concilis,
2243 1604 2639 1669 Pontificiis
2706 1603 3052 1668 Decreta-

809 1714 1020 1792 libus,
1057 1711 1632 1794 Sanctorumque
1689 1711 1987 1775 Patrum
2051 1711 2265 1775 dictis
2322 1711 2809 1774 concinnatae
2864 1712 3046 1790 sunt,

811 1822 959 1884 tum
996 1819 1309 1902 denique
1348 1821 1520 1902 quia
1551 1819 1693 1901 ipsi
1727 1817 1995 1884 Summi
2051 1819 2440 1884 Pontifices
2507 1818 2867 1900 ejusmodi
2921 1817 3050 1882 Im·

811 1926 1118 2008 perialia
1151 1927 1546 1990 constituta
1573 1926 1878 1990 laudare
1904 1908 2125 2008 atque
2153 1944 2457 1991 servare
2527 1943 3049 2007 saepenumero

811 2037 1179 2115 curarunt,
1218 2034 1460 2114 prouti
1485 2034 1867 2098 evidenter
1892 2037 2204 2098 testatur
2237 2032 2309 2100 S.
2345 2034 2493 2099 Leo
2521 2034 2623 2098 IV
2678 2033 2771 2098 ad
2820 2033 3051 2116 Impe-

809 2144 1126 2205 ratorem
1189 2139 1616 2206 Lotharium
1678 2143 2009 2206 scribens
2074 2161 2161 2207 ac
2230 2142 2785 2226 promissionem
2854 2159 3053 2206 suam

812 2248 949 2312 fide
968 2247 1445 2329 jurisjurandi
1481 2248 1901 2330 obsignans.

985 2352 1463 2436 Capitularia,
1500 2356 1605 2419 ita
1642 2355 1838 2419 dicta
1869 2356 1993 2421 vel
2027 2374 2071 2419 a
2106 2357 2341 2420 forma
2369 2355 2890 2437 capitulorum,
2918 2373 3054 2439 qua

813 2464 1235 2544 edebantur,
1274 2463 1396 2526 vel
1454 2481 1498 2526 a
1553 2462 2143 2527 denominatione
2211 2462 2697 2544 capitulorum
2762 2463 3054 2528 statutis

813 2574 883 2632 et
919 2588 1169 2653 regum
1204 2570 1516 2635 decretis
1548 2571 1822 2634 tributa
1847 2574 2059 2635 erant
2096 2569 2336 2653 “leges
2372 2570 2629 2635 civiles
2685 2573 2757 2635 et
2823 2570 3051 2635 eccle-

811 2678 1149 2741 siasticae
1216 2676 1336 2761 (ad
1367 2677 1599 2742 instar
1653 2680 2221 2757 nomocanonum)
2278 2678 2357 2742 in
2415 2678 2886 2760 generalibus
2945 2695 3052 2743 co-

813 2784 1027 2847 mitiis
1055 2784 1581 2866 Episcoporum
1613 2801 1704 2849 ac
1758 2784 2174 2862 Procerum,
2244 2802 2432 2867 quae
2491 2784 2710 2849 etiam
2779 2786 3053 2851 Placita

813 2897 883 2953 et
921 2889 1274 2975 Colloquia
1310 2892 1790 2973 vocabantur,
1848 2909 1891 2954 a
1958 2891 2273 2974 Regibus
2329 2887 2781 2957 Francorum
2829 2893 3049 2972 latae,

811 2998 1184 3062 Ecclesiae
1217 2999 1429 3062 simul
1464 3002 1535 3062 et
1570 2996 1815 3063 Status
1853 3000 2177 3080 regimen
2211 3004 2652 3082 spectantes.

988 3104 1383 3187 Dispersae
1419 3105 1882 3186 vagabantur
1917 3123 2145 3188 usque
2201 3107 2295 3170 ad
2357 3125 2625 3171 annum
2684 3105 2843 3186 827,
2919 3124 3053 3189 quo

813 3211 1056 3274 Abbas
1091 3211 1492 3293 Ansegisus
1529 3212 1714 3276 haec
1749 3218 2213 3277 monumenta
2269 3213 2345 3277 in
2405 3231 2623 3279 unum
2661 3213 3051 3296 congessit,

813 3317 939 3377 illa
969 3316 1044 3379 in
1077 3320 1387 3399 quatuor
1420 3317 1648 3381 libros
1707 3316 2170 3381 distribuens:
2227 3318 2501 3400 primus
2559 3319 2761 3401 leges
2825 3318 3053 3383 eccle·

813 3422 1145 3489 siasticas
1180 3421 1425 3489 Caroli
1472 3423 1719 3505 Magni
1768 3442 1895 3488 seu
1932 3424 2058 3488 162
2095 3412 2535 3507 capitularia
2565 3425 2915 3507 continet;
2953 3442 3054 3489 se-

815 3528 1085 3593 cundus
1138 3530 1228 3594 48
1291 3530 1730 3612 capitularia
1792 3530 2144 3595 Ludovici
2201 3530 2337 3612 Pii;
2392 3532 2649 3596 tertius
2713 3532 2797 3596 91
2857 3533 3053 3614 leges

813 3639 1089 3719 civiles3
1128 3642 1428 3720 quartus
1455 3637 1540 3701 77
1594 3637 1797 3719 leges
1834 3638 2054 3703 etiam
2106 3639 2557 3704 saeculares.
2609 3638 2779 3721 Ipse
2834 3639 3053 3703 Anse-

811 3747 1005 3825 gisus
1054 3751 1315 3828 postea
1344 3743 1707 3826 triplicem
1744 3744 2223 3826 appendicem
2255 3745 2657 3827 evulgavit,
2718 3743 2959 3827 35,·38
2988 3745 3056 3807 et

773 3851 781 3859 '
815 3853 897 3913 10
931 3841 1370 3943 capitularia
1401 3852 1821 3933 respective
1860 3852 2518 3933 complectentem.-

987 3958 1293 4041 Deinde,
1332 3959 1530 4023 circa
1590 3977 1859 4022 annum
1913 3959 2045 4023 845
2102 3960 2539 4026 Benedictus
2594 3958 2856 4025 Levita
2914 3958 3050 4022 Mo·

813 4065 1175 4148 guntinuS,
1213 4067 1353 4144 cui,
1392 4066 1493 4129 uti
1530 4083 1756 4148 supra
1790 4066 2466 4150 animadvertimus,
2529 4066 2758 4131 falsas
2792 4066 3051 4131 Decre-

813 4173 995 4236 tales
1027 4174 1358 4256 plerique
1397 4173 1823 4237 canonistae
1860 4174 2305 4256 adscribunt,
2343 4174 2417 4238 in
2466 4179 2614 4237 tres
2648 4174 2872 4238 libros
2909 4173 3042 4237 col-

815 4281 991 4363 legit
1021 4279 1461 4363 capitularia
1489 4279 1582 4344 ab
1612 4280 1968 4363 Ansegis‘o
1998 4281 2292 4364 omissa;
2325 4284 2397 4345 et
2416 4298 2850 4364 quamquam
2876 4281 3053 4345 haec
