<?xml version="1.0" encoding="UTF-8"?>
<!DOCTYPE html PUBLIC "-//W3C//DTD XHTML 1.0 Transitional//EN"
    "http://www.w3.org/TR/xhtml1/DTD/xhtml1-transitional.dtd">
<html xmlns="http://www.w3.org/1999/xhtml" xml:lang="en" lang="en">
 <head>
  <title>
</title>
<meta http-equiv="Content-Type" content="text/html;charset=utf-8" />
  <meta name='ocr-system' content='tesseract 3.04.00' />
  <meta name='ocr-capabilities' content='ocr_page ocr_carea ocr_par ocr_line ocrx_word'/>
</head>
<body>
  <div class='ocr_page' id='page_1' title='image "./introductioinju00ferngoog_0110.png"; bbox 0 0 3332 5100; ppageno 0'>
   <div class='ocr_carea' id='block_1_1' title="bbox 1672 321 1986 377">
    <p class='ocr_par' dir='ltr' id='par_1_1' title="bbox 1672 321 1986 377">
     <span class='ocr_line' id='line_1_1' title="bbox 1672 321 1986 377; baseline 0 -14"><span class='ocrx_word' id='word_1_1' title='bbox 1672 321 1986 377; x_wconf 72' lang='lat'>...90—</span> 
     </span>
    </p>
   </div>
   <div class='ocr_carea' id='block_1_2' title="bbox 671 461 2966 4296">
    <p class='ocr_par' dir='ltr' id='par_1_2' title="bbox 671 461 2958 2465">
     <span class='ocr_line' id='line_1_2' title="bbox 699 461 2948 549; baseline -0.001 -22"><span class='ocrx_word' id='word_1_2' title='bbox 699 465 1139 547; x_wconf 54' lang='lat' dir='ltr'>‚qravioribus</span> <span class='ocrx_word' id='word_1_3' title='bbox 1169 464 1457 547; x_wconf 69' lang='lat' dir='ltr'>neqotiz‘s</span> <span class='ocrx_word' id='word_1_4' title='bbox 1489 485 1533 527; x_wconf 84' lang='lat' dir='ltr'>a</span> <span class='ocrx_word' id='word_1_5' title='bbox 1571 463 1878 527; x_wconf 79' lang='lat' dir='ltr'>Romano</span> <span class='ocrx_word' id='word_1_6' title='bbox 1914 465 2238 549; x_wconf 72' lang='lat' dir='ltr'>Pontifice</span> <span class='ocrx_word' id='word_1_7' title='bbox 2258 483 2392 547; x_wconf 77' lang='lat' dir='ltr'>per</span> <span class='ocrx_word' id='word_1_8' title='bbox 2442 461 2948 529; x_wconf 74' lang='lat' dir='ltr'>Cancellarz‘am</span> 
     </span>
     <span class='ocr_line' id='line_1_3' title="bbox 705 569 2954 655; baseline 0 -22"><span class='ocrx_word' id='word_1_9' title='bbox 705 571 1085 653; x_wconf 71' lang='lat' dir='ltr'><strong><em>expeditae,</em></strong></span> <span class='ocrx_word' id='word_1_10' title='bbox 1121 589 1293 653; x_wconf 70' lang='lat' dir='ltr'>quae</span> <span class='ocrx_word' id='word_1_11' title='bbox 1327 589 1413 633; x_wconf 78' lang='lat' dir='ltr'>eae</span> <span class='ocrx_word' id='word_1_12' title='bbox 1443 569 1794 633; x_wconf 74' lang='lat' dir='ltr'><em>chordulis</em></span> <span class='ocrx_word' id='word_1_13' title='bbox 1830 571 2074 635; x_wconf 76' lang='lat' dir='ltr'>sericis</span> <span class='ocrx_word' id='word_1_14' title='bbox 2128 571 2234 633; x_wconf 77' lang='lat' dir='ltr'>vel</span> <span class='ocrx_word' id='word_1_15' title='bbox 2292 571 2660 635; x_wconf 71' lang='lat' dir='ltr'><strong><em>cannabeis</em></strong></span> <span class='ocrx_word' id='word_1_16' title='bbox 2708 571 2954 655; x_wconf 74' lang='lat' dir='ltr'>ferunt</span> 
     </span>
     <span class='ocr_line' id='line_1_4' title="bbox 705 677 2954 763; baseline 0 -22"><span class='ocrx_word' id='word_1_17' title='bbox 705 699 1087 761; x_wconf 69' lang='lat' dir='ltr'>appensam</span> <span class='ocrx_word' id='word_1_18' title='bbox 1119 677 1425 761; x_wconf 74' lang='lat' dir='ltr'>siyz&#39;llum</span> <span class='ocrx_word' id='word_1_19' title='bbox 1457 679 1617 741; x_wconf 70' lang='lat' dir='ltr'>auri</span> <span class='ocrx_word' id='word_1_20' title='bbox 1653 677 1757 741; x_wconf 78' lang='lat' dir='ltr'>vel</span> <span class='ocrx_word' id='word_1_21' title='bbox 1810 677 2080 761; x_wconf 74' lang='lat' dir='ltr'>plumbi</span> <span class='ocrx_word' id='word_1_22' title='bbox 2134 677 2207 739; x_wconf 77' lang='lat' dir='ltr'>in</span> <span class='ocrx_word' id='word_1_23' title='bbox 2242 679 2440 763; x_wconf 78' lang='lat' dir='ltr'>cujus</span> <span class='ocrx_word' id='word_1_24' title='bbox 2490 677 2676 761; x_wconf 75' lang='lat' dir='ltr'>facie</span> <span class='ocrx_word' id='word_1_25' title='bbox 2714 685 2954 741; x_wconf 68' lang='lat' dir='ltr'>extant</span> 
     </span>
     <span class='ocr_line' id='line_1_5' title="bbox 705 781 2948 869; baseline 0 -22"><span class='ocrx_word' id='word_1_26' title='bbox 705 785 1037 869; x_wconf 70' lang='lat' dir='ltr'>imayines</span> <span class='ocrx_word' id='word_1_27' title='bbox 1069 783 1479 847; x_wconf 72' lang='lat' dir='ltr'>Sanctorum</span> <span class='ocrx_word' id='word_1_28' title='bbox 1513 781 2000 867; x_wconf 75' lang='lat' dir='ltr'><em>Apostolorum</em></span> <span class='ocrx_word' id='word_1_29' title='bbox 2032 785 2226 847; x_wconf 77' lang='lat' dir='ltr'>Petri</span> <span class='ocrx_word' id='word_1_30' title='bbox 2254 791 2318 847; x_wconf 76' lang='lat' dir='ltr'>et</span> <span class='ocrx_word' id='word_1_31' title='bbox 2348 785 2572 865; x_wconf 68' lang='lat' dir='ltr'>Pauci,</span> <span class='ocrx_word' id='word_1_32' title='bbox 2604 791 2666 849; x_wconf 80' lang='lat' dir='ltr'>et</span> <span class='ocrx_word' id='word_1_33' title='bbox 2694 785 2768 847; x_wconf 73' lang='lat' dir='ltr'>in</span> <span class='ocrx_word' id='word_1_34' title='bbox 2792 785 2948 849; x_wconf 78' lang='lat' dir='ltr'>dor-</span> 
     </span>
     <span class='ocr_line' id='line_1_6' title="bbox 703 887 2952 973; baseline -0.001 -22"><span class='ocrx_word' id='word_1_35' title='bbox 703 909 779 951; x_wconf 81' lang='lat' dir='ltr'>so</span> <span class='ocrx_word' id='word_1_36' title='bbox 813 909 1053 951; x_wconf 72' lang='lat' dir='ltr'>nomen</span> <span class='ocrx_word' id='word_1_37' title='bbox 1091 887 1445 973; x_wconf 73' lang='lat' dir='ltr'>Pontificis</span> <span class='ocrx_word' id='word_1_38' title='bbox 1505 889 1882 971; x_wconf 59' lang='lat' dir='ltr'>regnantis.</span> <span class='ocrx_word' id='word_1_39' title='bbox 1938 887 2254 949; x_wconf 77' lang='lat' dir='ltr'><strong>Verbum</strong></span> <span class='ocrx_word' id='word_1_40' title='bbox 2312 887 2500 951; x_wconf 71' lang='lat' dir='ltr'>bulla</span> <span class='ocrx_word' id='word_1_41' title='bbox 2558 907 2602 949; x_wconf 84' lang='lat' dir='ltr'>a</span> <span class='ocrx_word' id='word_1_42' title='bbox 2662 887 2952 949; x_wconf 88' lang='lat' dir='ltr'>nomine</span> 
     </span>
     <span class='ocr_line' id='line_1_7' title="bbox 703 993 2944 1075; baseline -0.001 -18"><span class='ocrx_word' id='word_1_43' title='bbox 703 995 929 1057; x_wconf 86' lang='lat' dir='ltr'>latino</span> <span class='ocrx_word' id='word_1_44' title='bbox 949 995 1159 1075; x_wconf 77' lang='lat' dir='ltr'>bulla,</span> <span class='ocrx_word' id='word_1_45' title='bbox 1185 1015 1285 1073; x_wconf 78' lang='lat' dir='ltr'>ae,</span> <span class='ocrx_word' id='word_1_46' title='bbox 1305 993 1495 1074; x_wconf 90' lang='lat' dir='ltr'>quod</span> <span class='ocrx_word' id='word_1_47' title='bbox 1515 995 1904 1075; x_wconf 81' lang='lat' dir='ltr'>ampullam</span> <span class='ocrx_word' id='word_1_48' title='bbox 1936 993 2320 1075; x_wconf 87' lang='lat' dir='ltr'>significat,</span> <span class='ocrx_word' id='word_1_49' title='bbox 2346 993 2698 1075; x_wconf 84' lang='lat' dir='ltr'>originem</span> <span class='ocrx_word' id='word_1_50' title='bbox 2724 993 2944 1075; x_wconf 87' lang='lat' dir='ltr'>ducit,</span> 
     </span>
     <span class='ocr_line' id='line_1_8' title="bbox 705 1099 2952 1181; baseline -0.002 -14"><span class='ocrx_word' id='word_1_51' title='bbox 705 1101 829 1167; x_wconf 79' lang='lat' dir='ltr'>vel</span> <span class='ocrx_word' id='word_1_52' title='bbox 863 1119 907 1165; x_wconf 88' lang='lat' dir='ltr'>a</span> <span class='ocrx_word' id='word_1_53' title='bbox 939 1107 1195 1165; x_wconf 75' lang='lat' dir='ltr'>tessera</span> <span class='ocrx_word' id='word_1_54' title='bbox 1253 1099 1569 1181; x_wconf 86' lang='lat' dir='ltr'>quadam</span> <span class='ocrx_word' id='word_1_55' title='bbox 1635 1099 1982 1163; x_wconf 86' lang='lat' dir='ltr'><strong>militibus</strong></span> <span class='ocrx_word' id='word_1_56' title='bbox 2038 1099 2436 1163; x_wconf 84' lang='lat' dir='ltr'>victoribus</span> <span class='ocrx_word' id='word_1_57' title='bbox 2508 1117 2552 1163; x_wconf 85' lang='lat' dir='ltr'>a</span> <span class='ocrx_word' id='word_1_58' title='bbox 2608 1099 2952 1163; x_wconf 86' lang='lat' dir='ltr'>Romanis</span> 
     </span>
     <span class='ocr_line' id='line_1_9' title="bbox 707 1205 2952 1289; baseline -0.001 -18"><span class='ocrx_word' id='word_1_59' title='bbox 707 1223 1083 1289; x_wconf 87' lang='lat' dir='ltr'>concessa,</span> <span class='ocrx_word' id='word_1_60' title='bbox 1119 1223 1305 1289; x_wconf 87' lang='lat' dir='ltr'>quae</span> <span class='ocrx_word' id='word_1_61' title='bbox 1339 1205 1555 1270; x_wconf 89' lang='lat' dir='ltr'>etiam</span> <span class='ocrx_word' id='word_1_62' title='bbox 1591 1207 1782 1271; x_wconf 75' lang='lat' dir='ltr'>bulla</span> <span class='ocrx_word' id='word_1_63' title='bbox 1815 1207 2116 1287; x_wconf 88' lang='lat' dir='ltr'>propter</span> <span class='ocrx_word' id='word_1_64' title='bbox 2172 1207 2482 1269; x_wconf 87' lang='lat' dir='ltr'>formam</span> <span class='ocrx_word' id='word_1_65' title='bbox 2542 1223 2952 1287; x_wconf 77' lang='lat' dir='ltr'>convexam</span> 
     </span>
     <span class='ocr_line' id='line_1_10' title="bbox 707 1311 2952 1397; baseline -0.002 -19"><span class='ocrx_word' id='word_1_66' title='bbox 707 1313 1137 1395; x_wconf 81' lang='lat' dir='ltr'>vocabatur,</span> <span class='ocrx_word' id='word_1_67' title='bbox 1173 1313 1295 1377; x_wconf 85' lang='lat' dir='ltr'>vel</span> <span class='ocrx_word' id='word_1_68' title='bbox 1327 1311 1639 1395; x_wconf 86' lang='lat' dir='ltr'>denique</span> <span class='ocrx_word' id='word_1_69' title='bbox 1674 1331 1766 1377; x_wconf 84' lang='lat' dir='ltr'>ex</span> <span class='ocrx_word' id='word_1_70' title='bbox 1800 1313 2052 1397; x_wconf 74' lang='lat' dir='ltr'>siyillis</span> <span class='ocrx_word' id='word_1_71' title='bbox 2116 1313 2650 1395; x_wconf 80' lang='lat' dir='ltr'>Imperatorum</span> <span class='ocrx_word' id='word_1_72' title='bbox 2706 1313 2952 1375; x_wconf 86' lang='lat' dir='ltr'>bullae</span> 
     </span>
     <span class='ocr_line' id='line_1_11' title="bbox 709 1419 2952 1502; baseline -0.001 -19"><span class='ocrx_word' id='word_1_73' title='bbox 709 1419 1293 1485; x_wconf 84' lang='lat' dir='ltr'>denominatione</span> <span class='ocrx_word' id='word_1_74' title='bbox 1329 1437 1613 1502; x_wconf 88' lang='lat' dir='ltr'>quoque</span> <span class='ocrx_word' id='word_1_75' title='bbox 1670 1419 2134 1501; x_wconf 79' lang='lat' dir='ltr'>nuncupatiS,</span> <span class='ocrx_word' id='word_1_76' title='bbox 2196 1419 2316 1483; x_wconf 83' lang='lat' dir='ltr'>vel</span> <span class='ocrx_word' id='word_1_77' title='bbox 2374 1419 2544 1501; x_wconf 88' lang='lat' dir='ltr'>quia</span> <span class='ocrx_word' id='word_1_78' title='bbox 2596 1419 2952 1501; x_wconf 78' lang='lat' dir='ltr'>imagines</span> 
     </span>
     <span class='ocr_line' id='line_1_12' title="bbox 709 1527 2956 1611; baseline -0.001 -20"><span class='ocrx_word' id='word_1_79' title='bbox 709 1529 1031 1611; x_wconf 82' lang='lat' dir='ltr'>sculptas</span> <span class='ocrx_word' id='word_1_80' title='bbox 1063 1527 1455 1609; x_wconf 85' lang='lat' dir='ltr'>habebant,</span> <span class='ocrx_word' id='word_1_81' title='bbox 1497 1529 1617 1591; x_wconf 82' lang='lat' dir='ltr'>vel</span> <span class='ocrx_word' id='word_1_82' title='bbox 1649 1527 1842 1609; x_wconf 89' lang='lat' dir='ltr'>quod</span> <span class='ocrx_word' id='word_1_83' title='bbox 1874 1545 1966 1591; x_wconf 80' lang='lat' dir='ltr'>ex</span> <span class='ocrx_word' id='word_1_84' title='bbox 2008 1527 2220 1607; x_wconf 80' lang='lat' dir='ltr'>colle,</span> <span class='ocrx_word' id='word_1_85' title='bbox 2284 1527 2516 1591; x_wconf 80' lang='lat' dir='ltr'>veluti</span> <span class='ocrx_word' id='word_1_86' title='bbox 2544 1527 2790 1591; x_wconf 88' lang='lat' dir='ltr'>bullae</span> <span class='ocrx_word' id='word_1_87' title='bbox 2828 1529 2956 1589; x_wconf 88' lang='lat' dir='ltr'>aut</span> 
     </span>
     <span class='ocr_line' id='line_1_13' title="bbox 709 1633 2956 1717; baseline -0.001 -18"><span class='ocrx_word' id='word_1_88' title='bbox 709 1643 1039 1701; x_wconf 81' lang='lat' dir='ltr'>tesserae</span> <span class='ocrx_word' id='word_1_89' title='bbox 1067 1653 1439 1717; x_wconf 89' lang='lat' dir='ltr'>romanae,</span> <span class='ocrx_word' id='word_1_90' title='bbox 1469 1635 2098 1717; x_wconf 82' lang='lat' dir='ltr'>appendebantur.</span> <span class='ocrx_word' id='word_1_91' title='bbox 2133 1633 2574 1697; x_wconf 83' lang='lat' dir='ltr'>Dividuntur</span> <span class='ocrx_word' id='word_1_92' title='bbox 2598 1633 2852 1697; x_wconf 88' lang='lat' dir='ltr'>Bullae</span> <span class='ocrx_word' id='word_1_93' title='bbox 2878 1633 2956 1697; x_wconf 89' lang='lat' dir='ltr'>in</span> 
     </span>
     <span class='ocr_line' id='line_1_14' title="bbox 671 1739 2954 1825; baseline -0.004 -14"><span class='ocrx_word' id='word_1_94' title='bbox 671 1739 679 1745; x_wconf 69' lang='grc'><strong>’</strong></span> <span class='ocrx_word' id='word_1_95' title='bbox 715 1743 1257 1825; x_wconf 70' lang='lat' dir='ltr'>ConsistorialeS,</span> <span class='ocrx_word' id='word_1_96' title='bbox 1287 1765 1421 1807; x_wconf 73' lang='lat' dir='ltr'>non</span> <span class='ocrx_word' id='word_1_97' title='bbox 1453 1741 1980 1809; x_wconf 74' lang='lat' dir='ltr'>Consistoriales</span> <span class='ocrx_word' id='word_1_98' title='bbox 2008 1749 2080 1805; x_wconf 87' lang='lat' dir='ltr'>et</span> <span class='ocrx_word' id='word_1_99' title='bbox 2102 1743 2562 1805; x_wconf 75' lang='lat' dir='ltr'>Intermedias</span> <span class='ocrx_word' id='word_1_100' title='bbox 2586 1759 2714 1803; x_wconf 83' lang='lat' dir='ltr'>seu</span> <span class='ocrx_word' id='word_1_101' title='bbox 2740 1739 2954 1803; x_wconf 76' lang='lat' dir='ltr'>Semi-</span> 
     </span>
     <span class='ocr_line' id='line_1_15' title="bbox 711 1847 2954 1933; baseline -0.003 -18"><span class='ocrx_word' id='word_1_102' title='bbox 711 1853 957 1915; x_wconf 73' lang='lat' dir='ltr'>bullas:</span> <span class='ocrx_word' id='word_1_103' title='bbox 989 1851 1267 1933; x_wconf 86' lang='lat' dir='ltr'>primae</span> <span class='ocrx_word' id='word_1_104' title='bbox 1302 1851 1377 1913; x_wconf 89' lang='lat' dir='ltr'>in</span> <span class='ocrx_word' id='word_1_105' title='bbox 1413 1847 1858 1913; x_wconf 82' lang='lat' dir='ltr'>Consistorio</span> <span class='ocrx_word' id='word_1_106' title='bbox 1900 1849 2234 1929; x_wconf 87' lang='lat' dir='ltr'>eduntur,</span> <span class='ocrx_word' id='word_1_107' title='bbox 2272 1867 2316 1911; x_wconf 86' lang='lat' dir='ltr'>a</span> <span class='ocrx_word' id='word_1_108' title='bbox 2364 1849 2684 1911; x_wconf 88' lang='lat' dir='ltr'>Romano</span> <span class='ocrx_word' id='word_1_109' title='bbox 2714 1847 2954 1911; x_wconf 90' lang='lat' dir='ltr'>Ponti-</span> 
     </span>
     <span class='ocr_line' id='line_1_16' title="bbox 711 1951 2954 2037; baseline -0.002 -18"><span class='ocrx_word' id='word_1_110' title='bbox 711 1957 847 2021; x_wconf 87' lang='lat' dir='ltr'>fice</span> <span class='ocrx_word' id='word_1_111' title='bbox 881 1963 953 2021; x_wconf 90' lang='lat' dir='ltr'>et</span> <span class='ocrx_word' id='word_1_112' title='bbox 987 1956 1497 2021; x_wconf 86' lang='lat' dir='ltr'>Cardinalibus</span> <span class='ocrx_word' id='word_1_113' title='bbox 1533 1957 2110 2035; x_wconf 86' lang='lat' dir='ltr'>subscribuntur,</span> <span class='ocrx_word' id='word_1_114' title='bbox 2150 1959 2370 2037; x_wconf 89' lang='lat' dir='ltr'>atque</span> <span class='ocrx_word' id='word_1_115' title='bbox 2402 1955 2642 2035; x_wconf 88' lang='lat' dir='ltr'>sigillo</span> <span class='ocrx_word' id='word_1_116' title='bbox 2672 1951 2954 2019; x_wconf 85' lang='lat' dir='ltr'>Consis-</span> 
     </span>
     <span class='ocr_line' id='line_1_17' title="bbox 713 2059 2956 2143; baseline -0.001 -18"><span class='ocrx_word' id='word_1_117' title='bbox 713 2063 881 2126; x_wconf 89' lang='lat' dir='ltr'>torii</span> <span class='ocrx_word' id='word_1_118' title='bbox 915 2059 1219 2143; x_wconf 86' lang='lat' dir='ltr'>speciali</span> <span class='ocrx_word' id='word_1_119' title='bbox 1287 2061 1728 2143; x_wconf 81' lang='lat' dir='ltr'>muniuntur3</span> <span class='ocrx_word' id='word_1_120' title='bbox 1800 2061 2164 2125; x_wconf 88' lang='lat' dir='ltr'>secundae</span> <span class='ocrx_word' id='word_1_121' title='bbox 2228 2079 2360 2143; x_wconf 92' lang='lat' dir='ltr'>per</span> <span class='ocrx_word' id='word_1_122' title='bbox 2420 2059 2956 2125; x_wconf 74' lang='lat' dir='ltr'>cancellariam</span> 
     </span>
     <span class='ocr_line' id='line_1_18' title="bbox 715 2167 2958 2251; baseline -0.001 -18"><span class='ocrx_word' id='word_1_123' title='bbox 715 2167 1199 2251; x_wconf 80' lang='lat' dir='ltr'>expediuntur</span> <span class='ocrx_word' id='word_1_124' title='bbox 1235 2168 1513 2249; x_wconf 79' lang='lat' dir='ltr'>absque</span> <span class='ocrx_word' id='word_1_125' title='bbox 1547 2167 2042 2233; x_wconf 87' lang='lat' dir='ltr'>Cardinalium</span> <span class='ocrx_word' id='word_1_126' title='bbox 2078 2169 2634 2251; x_wconf 80' lang='lat' dir='ltr'>subscriptione,</span> <span class='ocrx_word' id='word_1_127' title='bbox 2672 2173 2746 2231; x_wconf 92' lang='lat' dir='ltr'>et</span> <span class='ocrx_word' id='word_1_128' title='bbox 2800 2167 2958 2231; x_wconf 89' lang='lat' dir='ltr'>sine</span> 
     </span>
     <span class='ocr_line' id='line_1_19' title="bbox 717 2275 2956 2359; baseline -0.002 -18"><span class='ocrx_word' id='word_1_129' title='bbox 717 2275 1139 2341; x_wconf 86' lang='lat' dir='ltr'>Consistorii</span> <span class='ocrx_word' id='word_1_130' title='bbox 1167 2275 1431 2357; x_wconf 84' lang='lat' dir='ltr'>sigillo;</span> <span class='ocrx_word' id='word_1_131' title='bbox 1465 2275 1902 2341; x_wconf 88' lang='lat' dir='ltr'>Semibullae</span> <span class='ocrx_word' id='word_1_132' title='bbox 1928 2277 2392 2339; x_wconf 87' lang='lat' dir='ltr'>nominantur</span> <span class='ocrx_word' id='word_1_133' title='bbox 2420 2293 2606 2359; x_wconf 85' lang='lat' dir='ltr'>quae</span> <span class='ocrx_word' id='word_1_134' title='bbox 2632 2293 2678 2339; x_wconf 88' lang='lat' dir='ltr'>a</span> <span class='ocrx_word' id='word_1_135' title='bbox 2702 2275 2956 2339; x_wconf 87' lang='lat' dir='ltr'>Roma-</span> 
     </span>
     <span class='ocr_line' id='line_1_20' title="bbox 715 2383 2420 2465; baseline -0.002 -16"><span class='ocrx_word' id='word_1_136' title='bbox 715 2403 809 2449; x_wconf 91' lang='lat' dir='ltr'>no</span> <span class='ocrx_word' id='word_1_137' title='bbox 837 2383 1185 2447; x_wconf 89' lang='lat' dir='ltr'>Pontifice</span> <span class='ocrx_word' id='word_1_138' title='bbox 1219 2383 1535 2445; x_wconf 86' lang='lat' dir='ltr'>nondum</span> <span class='ocrx_word' id='word_1_139' title='bbox 1573 2387 1922 2447; x_wconf 88' lang='lat' dir='ltr'>coronato</span> <span class='ocrx_word' id='word_1_140' title='bbox 1958 2385 2420 2465; x_wconf 82' lang='lat' dir='ltr'>evulgantur.</span> 
     </span>
    </p>

    <p class='ocr_par' dir='ltr' id='par_1_3' title="bbox 711 2489 2962 2794">
     <span class='ocr_line' id='line_1_21' title="bbox 891 2489 2952 2556; baseline 0 -2"><span class='ocrx_word' id='word_1_141' title='bbox 891 2491 999 2556; x_wconf 76' lang='lat'>83.</span> <span class='ocrx_word' id='word_1_142' title='bbox 1095 2491 1351 2556; x_wconf 88' lang='lat' dir='ltr'>Bullae</span> <span class='ocrx_word' id='word_1_143' title='bbox 1387 2491 1970 2556; x_wconf 83' lang='lat' dir='ltr'>discriminantur</span> <span class='ocrx_word' id='word_1_144' title='bbox 2026 2511 2068 2554; x_wconf 88' lang='lat' dir='ltr'>a</span> <span class='ocrx_word' id='word_1_145' title='bbox 2106 2491 2460 2556; x_wconf 79' lang='lat' dir='ltr'>Brevibus</span> <span class='ocrx_word' id='word_1_146' title='bbox 2520 2489 2952 2556; x_wconf 77' lang='lat' dir='ltr'>diversitate</span> 
     </span>
     <span class='ocr_line' id='line_1_22' title="bbox 715 2600 2962 2684; baseline -0.001 -20"><span class='ocrx_word' id='word_1_147' title='bbox 715 2600 951 2684; x_wconf 69' lang='lat' dir='ltr'>siqizci,</span> <span class='ocrx_word' id='word_1_148' title='bbox 991 2600 1451 2682; x_wconf 72' lang='lat' dir='ltr'>membranae,</span> <span class='ocrx_word' id='word_1_149' title='bbox 1485 2602 1690 2682; x_wconf 73' lang='lat' dir='ltr'>tituli,</span> <span class='ocrx_word' id='word_1_150' title='bbox 1718 2600 2199 2684; x_wconf 60' lang='lat' dir='ltr'>empeditionia</span> <span class='ocrx_word' id='word_1_151' title='bbox 2228 2600 2452 2682; x_wconf 76' lang='lat' dir='ltr'>datae,</span> <span class='ocrx_word' id='word_1_152' title='bbox 2480 2602 2869 2684; x_wconf 72' lang='lat' dir='ltr'>scripturae</span> <span class='ocrx_word' id='word_1_153' title='bbox 2896 2602 2962 2662; x_wconf 74' lang='lat' dir='ltr'>et</span> 
     </span>
     <span class='ocr_line' id='line_1_23' title="bbox 711 2708 1916 2794; baseline -0.001 -24"><span class='ocrx_word' id='word_1_154' title='bbox 711 2708 897 2794; x_wconf 71' lang='lat' dir='ltr'>finis·</span> <span class='ocrx_word' id='word_1_155' title='bbox 1912 2728 1916 2732; x_wconf 92' lang='grc'><strong><em>·</em></strong></span> 
     </span>
    </p>

    <p class='ocr_par' dir='ltr' id='par_1_4' title="bbox 716 2810 2966 3756">
     <span class='ocr_line' id='line_1_24' title="bbox 893 2810 2954 2896; baseline -0.001 -20"><span class='ocrx_word' id='word_1_156' title='bbox 893 2812 1161 2896; x_wconf 62' lang='grc' dir='ltr'>δὶςὲἰίω</span> <span class='ocrx_word' id='word_1_157' title='bbox 1225 2832 1393 2876; x_wconf 84' lang='lat' dir='ltr'>nam</span> <span class='ocrx_word' id='word_1_158' title='bbox 1425 2812 1682 2876; x_wconf 89' lang='lat' dir='ltr'>Bullae</span> <span class='ocrx_word' id='word_1_159' title='bbox 1750 2812 1872 2878; x_wconf 82' lang='lat' dir='ltr'>vel</span> <span class='ocrx_word' id='word_1_160' title='bbox 1908 2812 2296 2876; x_wconf 87' lang='lat' dir='ltr'>ostendunt</span> <span class='ocrx_word' id='word_1_161' title='bbox 2350 2812 2666 2894; x_wconf 88' lang='lat' dir='ltr'>sigillum</span> <span class='ocrx_word' id='word_1_162' title='bbox 2724 2810 2954 2893; x_wconf 89' lang='lat' dir='ltr'>plum-</span> 
     </span>
     <span class='ocr_line' id='line_1_25' title="bbox 717 2918 2954 3002; baseline 0 -20"><span class='ocrx_word' id='word_1_163' title='bbox 717 2918 931 2982; x_wconf 90' lang='lat' dir='ltr'>beum</span> <span class='ocrx_word' id='word_1_164' title='bbox 966 2920 1332 2984; x_wconf 83' lang='lat' dir='ltr'>chordulis</span> <span class='ocrx_word' id='word_1_165' title='bbox 1371 2920 1627 2984; x_wconf 88' lang='lat' dir='ltr'>sericis</span> <span class='ocrx_word' id='word_1_166' title='bbox 1691 2938 1820 2984; x_wconf 84' lang='lat' dir='ltr'>seu</span> <span class='ocrx_word' id='word_1_167' title='bbox 1874 2920 2270 2984; x_wconf 86' lang='lat' dir='ltr'>cannabeis</span> <span class='ocrx_word' id='word_1_168' title='bbox 2320 2936 2724 3002; x_wconf 88' lang='lat' dir='ltr'>appensum</span> <span class='ocrx_word' id='word_1_169' title='bbox 2788 2936 2954 2982; x_wconf 90' lang='lat' dir='ltr'>cum</span> 
     </span>
     <span class='ocr_line' id='line_1_26' title="bbox 716 3025 2962 3112; baseline -0.001 -22"><span class='ocrx_word' id='word_1_170' title='bbox 716 3026 1149 3112; x_wconf 84' lang='lat' dir='ltr'>imaginibus</span> <span class='ocrx_word' id='word_1_171' title='bbox 1177 3025 1607 3090; x_wconf 87' lang='lat' dir='ltr'>Sanctorum</span> <span class='ocrx_word' id='word_1_172' title='bbox 1678 3026 1878 3092; x_wconf 88' lang='lat' dir='ltr'>Petri</span> <span class='ocrx_word' id='word_1_173' title='bbox 1912 3032 1986 3090; x_wconf 91' lang='lat' dir='ltr'>et</span> <span class='ocrx_word' id='word_1_174' title='bbox 2020 3028 2225 3091; x_wconf 86' lang='lat' dir='ltr'>Pauli</span> <span class='ocrx_word' id='word_1_175' title='bbox 2260 3044 2350 3090; x_wconf 78' lang='lat' dir='ltr'>ex</span> <span class='ocrx_word' id='word_1_176' title='bbox 2386 3044 2530 3090; x_wconf 88' lang='lat' dir='ltr'>una</span> <span class='ocrx_word' id='word_1_177' title='bbox 2580 3032 2816 3108; x_wconf 86' lang='lat' dir='ltr'>parte,</span> <span class='ocrx_word' id='word_1_178' title='bbox 2888 3030 2962 3090; x_wconf 87' lang='lat' dir='ltr'>et</span> 
     </span>
     <span class='ocr_line' id='line_1_27' title="bbox 717 3132 2960 3216; baseline 0 -20"><span class='ocrx_word' id='word_1_179' title='bbox 717 3134 1007 3196; x_wconf 89' lang='lat' dir='ltr'>nomine</span> <span class='ocrx_word' id='word_1_180' title='bbox 1031 3132 1397 3196; x_wconf 88' lang='lat' dir='ltr'>Pontificis</span> <span class='ocrx_word' id='word_1_181' title='bbox 1417 3136 1794 3216; x_wconf 85' lang='lat' dir='ltr'>regnantis</span> <span class='ocrx_word' id='word_1_182' title='bbox 1822 3152 1914 3198; x_wconf 76' lang='lat' dir='ltr'>ex</span> <span class='ocrx_word' id='word_1_183' title='bbox 1942 3136 2114 3216; x_wconf 89' lang='lat' dir='ltr'>alia;</span> <span class='ocrx_word' id='word_1_184' title='bbox 2148 3134 2266 3198; x_wconf 85' lang='lat' dir='ltr'>vel</span> <span class='ocrx_word' id='word_1_185' title='bbox 2296 3134 2642 3198; x_wconf 81' lang='lat' dir='ltr'>exhibent</span> <span class='ocrx_word' id='word_1_186' title='bbox 2660 3134 2960 3214; x_wconf 86' lang='lat' dir='ltr'>impres·</span> 
     </span>
     <span class='ocr_line' id='line_1_28' title="bbox 717 3240 2964 3324; baseline -0.001 -19"><span class='ocrx_word' id='word_1_187' title='bbox 717 3260 875 3306; x_wconf 86' lang='lat' dir='ltr'>sum</span> <span class='ocrx_word' id='word_1_188' title='bbox 939 3240 1253 3322; x_wconf 84' lang='lat' dir='ltr'>sigillum</span> <span class='ocrx_word' id='word_1_189' title='bbox 1299 3242 1501 3306; x_wconf 86' lang='lat' dir='ltr'>rubri</span> <span class='ocrx_word' id='word_1_190' title='bbox 1535 3244 1802 3307; x_wconf 87' lang='lat' dir='ltr'>coloris</span> <span class='ocrx_word' id='word_1_191' title='bbox 1838 3262 2000 3308; x_wconf 91' lang='lat' dir='ltr'>cum</span> <span class='ocrx_word' id='word_1_192' title='bbox 2048 3242 2482 3324; x_wconf 84' lang='lat' dir='ltr'>imaginibus</span> <span class='ocrx_word' id='word_1_193' title='bbox 2532 3240 2964 3306; x_wconf 87' lang='lat' dir='ltr'>Sanctorum</span> 
     </span>
     <span class='ocr_line' id='line_1_29' title="bbox 717 3348 2962 3432; baseline -0.001 -18"><span class='ocrx_word' id='word_1_194' title='bbox 717 3350 1231 3432; x_wconf 83' lang='lat' dir='ltr'>Apostolorum</span> <span class='ocrx_word' id='word_1_195' title='bbox 1265 3350 1461 3414; x_wconf 88' lang='lat' dir='ltr'>Petri</span> <span class='ocrx_word' id='word_1_196' title='bbox 1489 3356 1561 3416; x_wconf 90' lang='lat' dir='ltr'>et</span> <span class='ocrx_word' id='word_1_197' title='bbox 1593 3352 1802 3416; x_wconf 89' lang='lat' dir='ltr'>Pauli</span> <span class='ocrx_word' id='word_1_198' title='bbox 1838 3352 2304 3416; x_wconf 87' lang='lat' dir='ltr'>circumdatis</span> <span class='ocrx_word' id='word_1_199' title='bbox 2342 3350 2628 3414; x_wconf 89' lang='lat' dir='ltr'>nomine</span> <span class='ocrx_word' id='word_1_200' title='bbox 2670 3348 2962 3414; x_wconf 83' lang='lat' dir='ltr'>Pontifi-</span> 
     </span>
     <span class='ocr_line' id='line_1_30' title="bbox 719 3458 2960 3538; baseline -0.001 -18"><span class='ocrx_word' id='word_1_201' title='bbox 719 3458 821 3520; x_wconf 90' lang='lat' dir='ltr'>cis</span> <span class='ocrx_word' id='word_1_202' title='bbox 849 3458 1249 3538; x_wconf 88' lang='lat' dir='ltr'>regnantis:</span> <span class='ocrx_word' id='word_1_203' title='bbox 1285 3458 1553 3524; x_wconf 84' lang='lat' dir='ltr'>Brevia</span> <span class='ocrx_word' id='word_1_204' title='bbox 1589 3466 1836 3524; x_wconf 86' lang='lat' dir='ltr'>autem</span> <span class='ocrx_word' id='word_1_205' title='bbox 1870 3459 2142 3524; x_wconf 88' lang='lat' dir='ltr'>habent</span> <span class='ocrx_word' id='word_1_206' title='bbox 2182 3458 2498 3538; x_wconf 86' lang='lat' dir='ltr'>sigillum</span> <span class='ocrx_word' id='word_1_207' title='bbox 2564 3474 2782 3522; x_wconf 87' lang='lat' dir='ltr'>cerae</span> <span class='ocrx_word' id='word_1_208' title='bbox 2846 3474 2960 3519; x_wconf 88' lang='lat' dir='ltr'>ru-</span> 
     </span>
     <span class='ocr_line' id='line_1_31' title="bbox 721 3564 2966 3648; baseline -0.001 -20"><span class='ocrx_word' id='word_1_209' title='bbox 721 3564 923 3646; x_wconf 80' lang='lat' dir='ltr'>brae,</span> <span class='ocrx_word' id='word_1_210' title='bbox 953 3566 1027 3628; x_wconf 91' lang='lat' dir='ltr'>in</span> <span class='ocrx_word' id='word_1_211' title='bbox 1057 3582 1199 3648; x_wconf 92' lang='lat' dir='ltr'>quo</span> <span class='ocrx_word' id='word_1_212' title='bbox 1221 3566 1557 3648; x_wconf 87' lang='lat' dir='ltr'>inpressa</span> <span class='ocrx_word' id='word_1_213' title='bbox 1587 3572 1700 3630; x_wconf 90' lang='lat' dir='ltr'>est</span> <span class='ocrx_word' id='word_1_214' title='bbox 1722 3566 1968 3648; x_wconf 84' lang='lat' dir='ltr'>imago</span> <span class='ocrx_word' id='word_1_215' title='bbox 1998 3564 2458 3630; x_wconf 86' lang='lat' dir='ltr'>SanctiPetri</span> <span class='ocrx_word' id='word_1_216' title='bbox 2484 3564 2966 3646; x_wconf 89' lang='lat' dir='ltr'>piscationem</span> 
     </span>
     <span class='ocr_line' id='line_1_32' title="bbox 721 3672 2912 3756; baseline -0.001 -20"><span class='ocrx_word' id='word_1_217' title='bbox 721 3672 1031 3754; x_wconf 74' lang='lat' dir='ltr'>agentiS,</span> <span class='ocrx_word' id='word_1_218' title='bbox 1077 3672 1263 3736; x_wconf 82' lang='lat' dir='ltr'>unde</span> <span class='ocrx_word' id='word_1_219' title='bbox 1301 3674 1641 3738; x_wconf 87' lang='lat' dir='ltr'>dicuntur</span> <span class='ocrx_word' id='word_1_220' title='bbox 1678 3674 2016 3754; x_wconf 84' lang='lat' dir='ltr'>expediri</span> <span class='ocrx_word' id='word_1_221' title='bbox 2042 3674 2162 3736; x_wconf 78' lang='lat' dir='ltr'>sub</span> <span class='ocrx_word' id='word_1_222' title='bbox 2198 3672 2458 3736; x_wconf 69' lang='lat' dir='ltr'>annulo</span> <span class='ocrx_word' id='word_1_223' title='bbox 2503 3672 2912 3756; x_wconf 75' lang='lat' dir='ltr'>piscatoris·</span> 
     </span>
    </p>

    <p class='ocr_par' dir='ltr' id='par_1_5' title="bbox 719 3778 2962 3970">
     <span class='ocr_line' id='line_1_33' title="bbox 897 3778 2962 3862; baseline -0.001 -20"><span class='ocrx_word' id='word_1_224' title='bbox 897 3780 1323 3844; x_wconf 75' lang='lat' dir='ltr'>Membrana:</span> <span class='ocrx_word' id='word_1_225' title='bbox 1357 3798 1487 3862; x_wconf 89' lang='lat' dir='ltr'>pro</span> <span class='ocrx_word' id='word_1_226' title='bbox 1549 3780 1776 3844; x_wconf 88' lang='lat' dir='ltr'>Bullis</span> <span class='ocrx_word' id='word_1_227' title='bbox 1840 3780 2332 3844; x_wconf 87' lang='lat' dir='ltr'>subobscurae</span> <span class='ocrx_word' id='word_1_228' title='bbox 2398 3784 2470 3842; x_wconf 90' lang='lat' dir='ltr'>et</span> <span class='ocrx_word' id='word_1_229' title='bbox 2536 3778 2962 3860; x_wconf 85' lang='lat' dir='ltr'>crassiores,</span> 
     </span>
     <span class='ocr_line' id='line_1_34' title="bbox 719 3886 2422 3970; baseline -0.001 -20"><span class='ocrx_word' id='word_1_230' title='bbox 719 3904 853 3970; x_wconf 90' lang='lat' dir='ltr'>pro</span> <span class='ocrx_word' id='word_1_231' title='bbox 881 3886 1237 3952; x_wconf 82' lang='lat' dir='ltr'>Brevibus</span> <span class='ocrx_word' id='word_1_232' title='bbox 1273 3890 1487 3952; x_wconf 88' lang='lat' dir='ltr'>albae</span> <span class='ocrx_word' id='word_1_233' title='bbox 1525 3894 1599 3952; x_wconf 88' lang='lat' dir='ltr'>et</span> <span class='ocrx_word' id='word_1_234' title='bbox 1629 3888 1932 3952; x_wconf 87' lang='lat' dir='ltr'>subtiles</span> <span class='ocrx_word' id='word_1_235' title='bbox 1962 3888 2422 3950; x_wconf 83' lang='lat' dir='ltr'>adhibentur.</span> 
     </span>
    </p>

    <p class='ocr_par' dir='ltr' id='par_1_6' title="bbox 719 3994 2964 4296">
     <span class='ocr_line' id='line_1_35' title="bbox 903 3994 2964 4078; baseline -0.001 -20"><span class='ocrx_word' id='word_1_236' title='bbox 903 3996 1157 4060; x_wconf 76' lang='lat' dir='ltr'>Titulo:</span> <span class='ocrx_word' id='word_1_237' title='bbox 1197 3996 1453 4060; x_wconf 89' lang='lat' dir='ltr'>Bullae</span> <span class='ocrx_word' id='word_1_238' title='bbox 1485 3996 1870 4078; x_wconf 82' lang='lat' dir='ltr'>incipiunt:</span> <span class='ocrx_word' id='word_1_239' title='bbox 1911 3996 2066 4078; x_wconf 90' lang='lat' dir='ltr'>Leo,</span> <span class='ocrx_word' id='word_1_240' title='bbox 2092 4016 2332 4060; x_wconf 77' lang='lat' dir='ltr'>servus</span> <span class='ocrx_word' id='word_1_241' title='bbox 2395 4012 2750 4058; x_wconf 77' lang='lat' dir='ltr'>servorum</span> <span class='ocrx_word' id='word_1_242' title='bbox 2804 3994 2964 4074; x_wconf 77' lang='lat' dir='ltr'>Dei,</span> 
     </span>
     <span class='ocr_line' id='line_1_36' title="bbox 719 4098 2962 4186; baseline -0.001 -20"><span class='ocrx_word' id='word_1_243' title='bbox 719 4120 865 4166; x_wconf 89' lang='lat' dir='ltr'>non</span> <span class='ocrx_word' id='word_1_244' title='bbox 901 4102 975 4164; x_wconf 92' lang='lat' dir='ltr'>in</span> <span class='ocrx_word' id='word_1_245' title='bbox 1009 4103 1245 4168; x_wconf 87' lang='lat' dir='ltr'>forma</span> <span class='ocrx_word' id='word_1_246' title='bbox 1283 4102 1497 4186; x_wconf 88' lang='lat' dir='ltr'>tituli,</span> <span class='ocrx_word' id='word_1_247' title='bbox 1527 4102 1657 4168; x_wconf 88' lang='lat' dir='ltr'>sed</span> <span class='ocrx_word' id='word_1_248' title='bbox 1692 4122 1736 4166; x_wconf 88' lang='lat' dir='ltr'>a</span> <span class='ocrx_word' id='word_1_249' title='bbox 1778 4104 2018 4184; x_wconf 88' lang='lat' dir='ltr'>capite</span> <span class='ocrx_word' id='word_1_250' title='bbox 2054 4100 2424 4182; x_wconf 79' lang='lat' dir='ltr'>versiculi3</span> <span class='ocrx_word' id='word_1_251' title='bbox 2463 4098 2732 4166; x_wconf 81' lang='lat' dir='ltr'>Brevia</span> <span class='ocrx_word' id='word_1_252' title='bbox 2786 4100 2962 4164; x_wconf 85' lang='lat' dir='ltr'>inci-</span> 
     </span>
     <span class='ocr_line' id='line_1_37' title="bbox 724 4210 2252 4296; baseline -0.003 -20"><span class='ocrx_word' id='word_1_253' title='bbox 724 4214 955 4296; x_wconf 84' lang='lat' dir='ltr'>piunt:</span> <span class='ocrx_word' id='word_1_254' title='bbox 997 4212 1155 4294; x_wconf 86' lang='lat' dir='ltr'>Leo,</span> <span class='ocrx_word' id='word_1_255' title='bbox 1195 4214 1389 4296; x_wconf 77' lang='lat' dir='ltr'>Papa</span> <span class='ocrx_word' id='word_1_256' title='bbox 1429 4212 1629 4294; x_wconf 84' lang='lat' dir='ltr'><em>XIII,</em></span> <span class='ocrx_word' id='word_1_257' title='bbox 1661 4212 1736 4274; x_wconf 89' lang='lat' dir='ltr'>in</span> <span class='ocrx_word' id='word_1_258' title='bbox 1772 4213 2008 4276; x_wconf 84' lang='lat' dir='ltr'>forma</span> <span class='ocrx_word' id='word_1_259' title='bbox 2040 4210 2252 4276; x_wconf 84' lang='lat' dir='ltr'>tituli.</span> 
     </span>
    </p>
   </div>
  </div>
 </body>
</html>
