3332 5100
1201 334 1556 399 -105-

268 478 779 565 obligationem
813 500 1078 566 parere
1111 487 1356 567 queat,
1389 484 1766 551 doctrinae
1820 482 2252 569 catholicae,
2289 481 2493 569 ipsae

263 590 441 673 legis
465 591 745 656 notioni
778 594 996 673 atque
1031 591 1325 659 divinae
1360 590 1626 658 Christi
1651 592 2086 658 institutioni
2121 592 2344 675 plane
2373 592 2493 659 ad-

263 701 623 763 versatur.

430 805 815 871 Doctrinae
849 805 1223 872 catholicae
1262 807 1671 890 opponitur,
1708 807 1878 890 quia
1925 804 2254 872 Summus
2314 807 2493 873 Pon-

263 911 440 976 tifex
471 913 893 977 Alexander
919 911 1056 979 VII
1081 914 1271 979 hunc
1301 932 1623 979 errorem
1652 896 1747 979 ex
1768 914 2085 979 Luthero
2114 913 2493 997 depromp-

264 1022 407 1084 tum
442 1022 931 1086 anathematis
964 1039 1202 1105 poena
1235 1023 1571 1105 perculit,
1599 1031 2027 1105 sequentem
2057 1022 2493 1104 propositio-

263 1143 423 1191 nem
457 1127 575 1192 die
609 1127 697 1192 24
725 1127 1169 1212 Septembris
1235 1129 1409 1195 anni
1446 1128 1617 1194 1665
1682 1128 2117 1194 damnando:
2185 1128 2495 1213 Populus

263 1254 390 1300 non
409 1243 680 1319 peccat,
716 1237 988 1303 etiamsi
1035 1237 1287 1321 absque
1312 1237 1461 1303 ulla
1493 1257 1708 1303 cauea
1730 1258 1869 1303 non
1898 1237 2196 1321 recipiat
2215 1236 2428 1321 leqem
2452 1254 2499 1301 a

254 1343 575 1428 principe
596 1345 1140 1429 promulqatam.
1177 1343 1563 1427 Repugnat
1604 1344 1903 1427 insuper
1973 1344 2238 1409 notioni
2298 1343 2493 1428 lepis,

264 1450 600 1530 quoniam
624 1450 786 1533 ipsa
809 1450 993 1533 legis
1019 1455 1285 1516 natura
1308 1467 1442 1533 per
1460 1468 1542 1515 se
1564 1449 1915 1533 postulat,
1938 1448 2104 1514 etin
2128 1449 2264 1514 hoc
2287 1464 2495 1531 prae-

264 1555 404 1619 cise
438 1556 566 1621 lex
600 1575 645 1621 a
706 1558 1009 1623 consilio
1045 1557 1321 1640 differt,
1360 1556 1550 1640 quod
1585 1556 1947 1621 ordinatio
2010 1574 2057 1620 a
2120 1556 2497 1639 superiore

262 1662 453 1726 facta
492 1668 567 1728 et
602 1664 1051 1729 sufficienter
1086 1664 1437 1748 evulgata
1462 1664 1610 1730 vim
1646 1662 2021 1746 propriam
2078 1667 2298 1745 atque
2330 1662 2495 1727 insi-

264 1770 403 1833 tam
440 1769 713 1835 habeat
746 1789 996 1839 omnes
1059 1771 1584 1855 obstringendi,
1614 1788 1746 1854 pro
1783 1770 2045 1853 quibus
2099 1770 2294 1836 edita
2357 1773 2493 1851 est3

264 1874 834 1960 independenter
860 1898 905 1944 a
939 1897 1396 1962 quacumque
1424 1879 1832 1960 voluntate,
1861 1878 2094 1944 lubitu
2123 1878 2247 1943 vel
2273 1896 2495 1961 popu-

264 1982 313 2045 li
340 2001 669 2068 assensu,
701 1987 944 2069 prouti
978 1987 1329 2054 evincunt
1365 1991 1515 2051 tum
1541 1988 1779 2073 forma
1812 1985 1997 2065 legis
2028 2003 2157 2052 seu
2191 1986 2304 2051 vis
2335 2004 2495 2052 ver·

265 2088 507 2157 borum
546 2094 1183 2178 praecipientium,
1213 2101 1364 2160 tum
1419 2097 1687 2160 sanctio
1721 2111 1850 2158 seu
1876 2094 2172 2158 inflictio
2230 2110 2495 2176 poena-

264 2216 412 2264 rum
449 2202 711 2284 quibus
745 2203 1128 2286 legislator
1160 2208 1371 2287 urget
1413 2204 1597 2285 legis
1664 2202 2278 2268 observationem.
2317 2197 2495 2265 Con-

266 2307 553 2373 tradicit
585 2309 894 2393 denique
928 2312 1207 2376 divinae
1244 2309 1502 2378 Christi
1549 2310 1990 2391 institutioni,
2051 2308 2318 2372 etenim
2355 2305 2495 2372 Do-

265 2416 491 2481 minus
523 2416 737 2483 Jesus
774 2418 999 2485 Beato
1038 2419 1253 2485 Petro
1291 2425 1364 2484 et
1418 2419 1734 2483 caeteris
1790 2417 2161 2500 Apostolis
2217 2433 2495 2479 eorum-

265 2538 398 2605 que
431 2527 977 2592 successoribus
1012 2532 1450 2611 potestatem
1476 2525 1779 2591 tradidit
1844 2524 2145 2608 regendi
2210 2524 2495 2589 univer-

264 2645 374 2694 sos
404 2631 685 2715 fideles,
724 2652 911 2716 quae
945 2634 1280 2717 equidem
1319 2640 1644 2717 potestas
1702 2650 1881 2698 vere
1945 2631 2361 2697 eluderetur
2425 2634 2499 2695 et

263 2753 519 2816 prorsu
552 2740 882 2805 illusoria
914 2741 1290 2823 evaderet,
1328 2742 1392 2805 si
1427 2740 1772 2804 ‘efficatia
1833 2741 1961 2803 aut
2026 2739 2497 2804 observantia

262 2842 497 2927 legum
536 2865 579 2910 a
613 2850 865 2931 populi
901 2867 1259 2914 consensu
1293 2849 1673 2932 penderet.

430 2954 622 3019 Huic
652 2956 885 3021 errori
920 2974 1173 3020 ansam
1201 2955 1485 3021 dedisse
1510 2955 1802 3020 videtur
1829 2955 2018 3020 falsa
2051 2958 2122 3019 et
2148 2971 2490 3037 praepos-

267 3061 415 3123 tera
446 3062 957 3145 interpretatio
987 3065 1470 3147 pervulgatae
1503 3064 1698 3127 illius
1729 3061 2061 3128 Gratiani
2088 3062 2497 3126 sententiae

267 3161 329 3226 S.
368 3166 773 3250 Augustino
807 3172 1124 3234 tributae
1158 3176 1231 3235 et
1265 3189 1308 3233 a
1332 3169 1799 3234 Jansenianis
1827 3171 1918 3232 ad
1946 3169 2391 3251 peculiarem
2423 3175 2495 3235 et

268 3273 742 3355 subjectivum
776 3294 1066 3342 sensum
1099 3277 1462 3342 detorsae:
1500 3277 1710 3362 Leyes
1776 3279 2290 3342 constituuntur
2345 3297 2497 3341 cum

258 3384 803 3469 promulgantur,
822 3387 1198 3471 firmantur
1222 3405 1381 3452 vero
1404 3406 1557 3450 cam
1574 3385 1879 3450 moribus
1893 3385 2227 3450 utentium
2246 3403 2497 3468 appro-

269 3486 509 3556 bantur
535 3491 657 3573 (1).
697 3490 836 3556 Sed
863 3493 1093 3557 omnis
1127 3492 1584 3571 febroniana,
1623 3495 1698 3555 et
1745 3491 2230 3573 jansenistica
2286 3508 2495 3572 argu-

270 3597 608 3661 mentatio
640 3597 751 3662 his
782 3598 1031 3663 verbis
1066 3598 1320 3661 innixa
1373 3598 1691 3680 simplici
1740 3597 2157 3662 dilemmate
2206 3597 2495 3679 penitus

269 3701 423 3766 ruit:
460 3705 584 3769 vel
621 3705 812 3770 enim
838 3705 1192 3786 ejusmodi
1227 3707 1442 3768 toties
1474 3705 1792 3785 repetita
1823 3705 2053 3768 verba
2103 3709 2271 3768 sunt
2325 3718 2495 3783 apo-

272 3811 561 3895 crypha,
599 3812 722 3878 vel
756 3812 1201 3894 authentica3
1238 3813 1299 3876 si
1334 3812 1763 3894 apocrypha
1793 3812 1964 3893 sint,
1994 3811 2098 3874 uti
2123 3808 2498 3892 quamplu-

271 3913 422 3984 rimi
451 3918 718 3983 eruditi
753 3919 1197 3996 existimant,
1227 3924 1402 3983 tunc
1424 3918 1605 3982 nihil
1637 3936 1774 4001 pro
1815 3934 2041 3981 causa
2069 3916 2111 3982 J
2120 3917 2336 3982 ustini
2367 3915 2495 3982 Fe-

274 4019 603 4091 broniiet
645 4025 1001 4110 Scipionis
1036 4025 1237 4092 Ricci
1269 4026 1607 4109 probant,
1645 4035 1720 4090 et
1767 4028 2006 4090 actum
2053 4025 2208 4106 jam
2245 4032 2355 4090 est
2410 4024 2499 4091 de

399 4258 470 4326 (1)
542 4257 682 4313 can.
709 4259 921 4328 anm
949 4257 1056 4312 lv.
