3332 5100
1907 313 1932 343 θ

1348 349 1702 410 —323—

402 505 532 565 que
557 492 835 566 clerum,
872 509 959 551 ex
990 508 1142 567 quo,
1176 494 1389 553 veluti
1420 494 1798 553 certissima
1829 494 2150 555 historiae
2207 501 2639 557 monumenta

402 572 754 645 splendide
780 580 1140 647 testantur,
1175 579 1273 633 tot
1302 591 1549 650 magna
1572 576 1644 634 in
1704 575 2166 650 christianam,
2224 577 2518 651 civilem,
2574 585 2643 637 et

401 652 804 712 litterariam
858 655 1347 729 rempublicam
1405 656 1754 715 commoda
1809 656 2298 730 redundarunt,
2369 660 2637 732 quibus-

402 748 689 807 cumque
713 734 1011 793 infandis
1044 735 1257 795 modis
1281 737 1629 807 divexare,
1666 743 1734 795 et
1789 736 2081 810 edicere,
2114 738 2334 811 ipsum
2385 740 2643 798 clerum

407 819 671 887 “utpote
696 830 878 888 vere,
907 816 1191 889 utilique
1223 817 1550 875 scientiae
1574 823 1641 875 et
1671 816 2023 875 civilitatis
2075 813 2467 893 progressui
2518 819 2639 878 ini-

402 894 669 967 micum,
700 895 785 953 ab
819 896 998 954 omni
1014 896 1393 970 ,iuventutis
1422 896 1880 956 instituendae
1911 898 2442 974 educandaeque
2475 915 2641 959 cura

402 981 471 1033 et
497 975 720 1034 officio
751 991 900 1035 esse
927 978 1436 1036 amovendum.“

563 1056 661 1114 Ac
691 1071 854 1114 vero
880 1056 1019 1129 alii,
1053 1056 1513 1117 instaurantes
1541 1073 1757 1131 prava
1785 1073 1868 1115 ac
1899 1057 2099 1116 toties
2147 1058 2469 1119 damnata
2526 1076 2638 1119 no-

402 1148 712 1194 vatorum
734 1142 1134 1208 commenta,
1162 1138 1415 1214 insigni
1444 1137 1876 1212 Impudencia
1899 1139 2170 1211 audent,
2199 1138 2547 1199 Ecclesiae
2573 1147 2641 1197 et

401 1216 601 1290 hujus
631 1216 1057 1291 Apostolicae
1087 1216 1280 1277 Sedis
1335 1234 1716 1293 supremam
1744 1219 2238 1292 auctoritatem,
2305 1223 2344 1277 a
2377 1218 2639 1279 Christo

402 1296 683 1355 Domino
716 1297 779 1355 ei
833 1298 1175 1371 tributam,
1211 1299 1433 1357 civilis
1479 1298 1904 1357 auctoritatis
1947 1299 2230 1357 arbitrio
2273 1299 2635 1374 suincere,

403 1383 472 1436 et
502 1378 723 1436 omnia
756 1378 1058 1451 eJusdem
1083 1378 1432 1437 Ecclesiae
1457 1386 1523 1437 et
1554 1378 1747 1438 Sedis
1765 1380 1923 1452 jura
1956 1379 2298 1455 denegare
2330 1382 2517 1439 circa
2561 1396 2641 1440 ea

404 1472 577 1531 quae
610 1458 695 1515 ad
727 1458 1136 1517 exteriorem
1167 1459 1471 1518 ordinem
1500 1459 1865 1534 pertinent.
1895 1458 2203 1533 Namque
2232 1460 2412 1535 ipsos
2456 1461 2645 1520 mini-

401 1554 509 1598 me
530 1539 738 1612 pudet
766 1538 1108 1597 affirmare
1152 1539 1534 1598 “Ecclesiae
1564 1539 1754 1614 leges
1784 1555 1917 1598 non
1975 1540 2281 1615 obligare
2339 1541 2408 1599 in
2454 1557 2641 1603 cons-

403 1618 677 1691 cientia,
709 1618 841 1677 nisi
871 1635 1023 1677 cum
1054 1620 1567 1695 promulgantur
1623 1622 1663 1677 a
1721 1620 1909 1677 civili
1943 1626 2300 1695 potestate;
2366 1627 2520 1680 acta
2576 1629 2643 1679 et

402 1698 680 1757 decreta
701 1698 1151 1758 Romanorum
1196 1700 1595 1759 Pontificum
1628 1700 1716 1757 ad
1740 1699 2141 1775 religionem
2169 1707 2234 1759 et
2266 1701 2645 1760 Ecclesiam

404 1779 807 1852 spectantia,
869 1780 1177 1854 indigere
1235 1781 1582 1839 sanctione
1634 1787 1701 1837 et
1759 1781 2269 1854 approbatione,
2299 1782 2411 1840 vel
2454 1783 2643 1840 mini-

403 1876 582 1918 mum
623 1876 905 1919 assensu
934 1862 1283 1934 potestatis
1334 1860 1580 1935 civilis3
1636 1858 2161 1920 constitutiones
2217 1862 2641 1935 Apostolicas

405 1940 520 2018 (1),
576 1939 821 2013 quibus
851 1941 1255 1999 damnantur
1285 1940 1751 2000 clandestinae
1803 1942 2185 2014 societates,
2241 1942 2384 2004 sive
2422 1942 2492 2001 in
2543 1945 2641 2001 eis

404 2020 742 2095 exigatur,
779 2021 921 2079 sive
952 2037 1085 2080 non
1110 2022 1427 2097 exigatur
1452 2022 1911 2095 juramentum
1953 2023 2037 2080 de
2082 2028 2343 2081 secreto
2370 2039 2641 2082 servan-

403 2101 510 2173 de,
543 2116 909 2174 earumque
941 2103 1244 2160 asseclae
1278 2109 1345 2160 et
1379 2102 1680 2161 fautores
1739 2102 2169 2161 anathemate
2234 2104 2643 2162 mulctantur

402 2181 658 2240 nullam
681 2181 934 2240 habere
965 2182 1104 2241 vim
1134 2184 1204 2240 in
1260 2182 1393 2240 illis
1445 2182 1627 2240 orbis
1687 2183 2083 2256 regionibus
2142 2183 2261 2241 ubi
2313 2185 2643 2258 ejusmodi

403 2261 931 2337 aggregationes
962 2263 1337 2321 tolerantur
1368 2266 1407 2320 a
1437 2262 1623 2321 civili
1685 2263 2039 2338 guberni03
2101 2264 2641 2323 excommunica-

402 2342 654 2401 tionem
676 2345 716 2399 ἐ,
748 2340 1043 2401 Concilio
1071 2343 1468 2401 Tridentino
1502 2349 1567 2400 et
1598 2342 1917 2401 Romanis
1941 2341 2383 2402 Pontificibus
2436 2345 2643 2403 latam

402 2422 473 2481 in
500 2438 635 2495 e08,
666 2422 779 2495 qui
799 2424 955 2496 jura
978 2424 1569 2497 possessionesque
1594 2423 1943 2481 Ecclesiae
1968 2423 2321 2497 invadunt,
2359 2430 2426 2483 et
2453 2440 2641 2482 usur-

403 2510 589 2579 pant,
642 2503 768 2562 niti
805 2504 1199 2563 confusione
1260 2504 1515 2563 ordinis
1548 2503 1941 2578 spiritualis,
1979 2502 2370 2579 ordinisque
2421 2504 2641 2564 civilis

402 2601 485 2643 ac
516 2584 795 2658 politici,
830 2585 919 2642 ad
942 2585 1353 2644 mundanum
1379 2586 1735 2643 dumtaxat
1782 2586 2033 2644 bonum
2073 2587 2637 2660 prosequendum3

401 2665 780 2723 Ecclesiam
829 2665 997 2724 nihil
1042 2666 1291 2723 debere
1342 2666 1734 2738 decernere,
1784 2666 1963 2738 quod
1987 2665 2414 2741 obstringere
2433 2668 2641 2741 possit

402 2745 702 2803 fidelium
732 2745 1183 2804 conscientias
1208 2747 1277 2804 in
1307 2747 1541 2804 ordine
1565 2745 1653 2803 ad
1677 2761 1869 2804 usum
1893 2761 2119 2804 rerum
2143 2747 2641 2822 temporalium3

402 2825 751 2883 Ecclesiae
770 2826 881 2898 jus
905 2841 1037 2884 non
1063 2833 1445 2899 competere
1469 2826 1834 2884 violatores
1857 2826 2084 2900 legum
2113 2843 2386 2886 suarum
2410 2828 2641 2901 poenis

402 2906 887 2979 temporalibus
939 2907 1322 2980 coercendi3
1368 2907 1711 2965 conforme
1763 2922 1908 2964 esse
1941 2921 2179 2965 sacrae
2234 2907 2635 2980 theologiae,

397 2987 707 3061 jurisque
734 2986 988 3060 publici
1013 2987 1386 3060 principiiS,
1448 2987 1777 3045 bonorum
1809 2986 2316 3061 proprietatem,
2353 3003 2525 3061 quae
2555 2988 2639 3044 ab

402 3066 749 3140 EcclesiiS,
778 3083 818 3124 a
846 3065 1149 3124 Familiis
1172 3067 1553 3141 Religiosis,
1601 3067 1892 3139 aliisque
1916 3067 2088 3125 locis
2134 3068 2263 3141 piis
2299 3067 2641 3141 possiden-

403 3153 534 3220 tur,
556 3147 743 3205 civili
759 3147 1091 3221 gubernio
1106 3162 1434 3220 asserere,
1470 3153 1535 3205 et
1546 3147 1956 3205 vindicare.“
1977 3146 2213 3220 Neque
2233 3149 2643 3206 erubescunt

402 3229 629 3302 palam
652 3227 1058 3302 publiceque
1088 3227 1391 3302 profiteri
1428 3226 1925 3286 haereticorum
1957 3227 2246 3287 effatum
2285 3235 2352 3285 et
2395 3228 2639 3302 princi-

402 3308 610 3382 pium,
640 3323 728 3364 ex
756 3322 887 3381 quo
917 3313 1015 3365 tot
1044 3323 1409 3381 perversae
1441 3307 1750 3366 oriuntur
1781 3308 2180 3384 sententiae,
2211 3314 2416 3382 atque
2461 3323 2643 3366 erro-

403 3404 534 3446 res.
567 3386 898 3446 Dictitant
928 3388 1141 3460 enim„
1170 3388 1706 3446 ecclesiasticam
1736 3393 2137 3461 potestatem
2163 3405 2298 3447 non
2320 3404 2466 3447 esse
2489 3389 2641 3462 jure

404 3469 634 3526 divino
659 3468 1049 3527 distinctam
1079 3476 1145 3526 et
1167 3468 1735 3542 independentem
1759 3471 1798 3526 a
1823 3475 2157 3542 potestate
2182 3469 2391 3542 civili,
2420 3484 2640 3540 neque

406 3548 741 3622 ejusmodi
795 3549 1318 3621 distinctionem,
1380 3554 1447 3606 et
1477 3549 2076 3623 independentiam
2107 3549 2370 3607 servari
2417 3564 2633 3623 posse,

406 3630 570 3703 quin
590 3629 677 3686 ab
708 3628 1011 3687 Ecclesia
1044 3629 1455 3688 invadantur
1486 3634 1990 3702 et'usurpentur
2037 3628 2428 3688 essentialia
2480 3629 2639 3702 jura

404 3709 758 3784 potestatis
812 3709 1098 3767 civilis.“
1134 3709 1354 3782 Atque
1386 3708 1652 3768 silentio
1678 3709 2052 3782 praeterire
2098 3724 2233 3767 non
2289 3723 2641 3783 possumus

406 3803 637 3848 eorum
660 3789 1040 3861 audaciam,
1066 3789 1181 3862 qui
1211 3805 1445 3846 sanam
1466 3806 1599 3848 non
1623 3790 2030 3848 sustinentes
2055 3789 2455 3862 doctrinam,
2482 3804 2639 3846 con-

405 3869 691 3928 tendunt
724 3869 896 3927 “illis
924 3869 1354 3943 Apostolicae
1379 3867 1573 3928 Sedis
1593 3868 1892 3943 judiciis,
1921 3876 1989 3927 et
2010 3869 2326 3943 decretis,
2359 3883 2643 3942 quorum

405 3949 746 4024 objectum
771 3949 858 4007 ad
882 3951 1130 4008 bonum
1160 3950 1481 4024 generale
1506 3949 1854 4007 Ecclesiae
1887 3950 2323 4023 ejusdemque
2352 3950 2531 4024 jura,
2563 3966 2643 4008 ac

402 4029 834 4103 disciplinam
864 4037 1173 4104 spectare
1200 4030 1590 4088 declaratur
1621 4030 1976 4101 dummodo
2033 4030 2194 4088 fidei·
2246 4046 2641 4104 morumque

550 4194 631 4261 (l)
706 4195 981 4248 Clement.
1011 4196 1144 4261 XII,
1172 4196 1240 4248 In
1259 4182 1528 4248 entinenti.
1560 4195 1850 4247 Benedict.
1881 4196 2044 4262 XIX,
2084 4196 2352 4251 Providus
2375 4194 2643 4250 Romano-

402 4281 547 4320 rum.
580 4265 668 4320 Pii
698 4268 823 4335 VIJ,
850 4265 1169 4320 Ecclesiam.
1186 4266 1390 4320 Leonis
1420 4268 1554 4332 XII,
1588 4265 1706 4335 Quo
1725 4267 2000 4335 qraviora.
