3332 5100
1743 321 2102 384 ,963-

806 467 848 532 J
855 467 1183 533 udaismo
1219 467 1456 550 legum
1494 469 2162 534 ecclesiasticarum
2214 468 2621 534 faciliorem
2651 467 3044 533 observan-

809 576 1005 639 tiam.

983 681 1447 745 Monumenta.
1488 679 1941 763 Compilator
1975 683 2049 745 in
2102 682 2375 747 idioma
2419 682 2792 746 arabicum
2823 682 3050 746 vertit

809 788 963 850 fere
999 787 1242 850 omnia
1300 785 1737 851 documenta
1797 785 2266 852 collectionis
2307 788 2642 869 Magnae,
2700 789 2874 852 licet
2903 806 3049 852 non

807 898 1120 975 integra,
1157 892 1288 956 sed
1320 894 1394 957 in
1430 894 1937 976 compendium
1991 894 2319 972 redacta;
2374 895 2544 959 hinc
2586 896 2660 958 in
2697 894 3049 975 ejusmodi

809 999 1166 1068 Orientali
1225 1001 1681 1084 Disciplinae
1737 1003 2183 1084 Hispanicae
2242 1001 2599 1066 Versione
2653 1002 2876 1066 facile
2943 1007 3052 1065 est

807 1110 1133 1191 reperire
1168 1126 1487 1175 canones
1519 1110 1955 1174 conciliares
2010 1110 2174 1175 sive
2217 1109 2606 1191 generales
2639 1109 2800 1173 sive
2828 1108 3052 1191 parti-

809 1216 1120 1296 culares,
1156 1216 1476 1298 itemque
1508 1214 2081 1281 Constitutiones
2135 1221 2366 1298 atque
2411 1216 2774 1298 rescripta
2794 1215 3048 1279 Roma·

807 1339 1061 1388 norum
1096 1321 1551 1387 Pontificum.

878 1513 885 1519 .
939 1430 1300 1494 Methodue
1335 1434 1407 1494 et
1439 1430 1803 1495 Extemio.
1846 1428 2095 1495 Codex
2120 1430 2462 1495 arabicus
2483 1430 2677 1494 inter
2721 1428 3054 1494 concisos

809 1536 1178 1599 recenseri
1228 1535 1470 1618 debet,
1531 1538 1704 1620 quia
1758 1555 2078 1602 canones
2137 1539 2421 1601 tantum
2475 1541 2897 1602 contractos
2965 1554 3054 1600 ex

811 1639 1256 1707 Collectione
1292 1642 1606 1708 Gothica
1638 1646 2034 1728 excerpsit,
2105 1649 2180 1708 et
2214 1644 2632 1710 methodum
2688 1643 3052 1710 doctrina-

809 1752 949 1814 lem
983 1752 1330 1835 sequitur,
1363 1753 1720 1835 siquidem
1783 1759 1953 1835 post
2014 1754 2573 1836 praefationem,
2638 1754 3056 1835 catalogum

809 1854 1269 1923 Dioecesium
1302 1864 1476 1923 tunc
1508 1861 1859 1942 temporis
1889 1861 1965 1925 in
1997 1859 2357 1944 Hispania
2387 1865 2801 1925 erectarum
2832 1865 3056 1942 atque

811 1962 1121 2034 indicem
1156 1967 1579 2047 generalem
1631 1969 1899 2050 operis,
1936 1969 2012 2032 in
2045 1968 2299 2034 decem
2344 1969 2571 2034 libros
2605 1968 3058 2032 distribuitur

807 2076 1017 2156 juxta
1053 2073 1378 2139 ordinem
1414 2093 1681 2140 rerum.
2435 2157 2443 2162 ,

1005 2179 1219 2245 Valor
1255 2184 1330 2243 et
1364 2179 1795 2248 Auctoritas.
1851 2181 2058 2247 Haec
2082 2181 2477 2262 singularis
2532 2178 2893 2246 Collectio
2926 2197 3056 2245 usu

815 2286 1310 2368 frecuentiori,
1345 2288 1746 2370 praecipua
1781 2288 2287 2351 aestimatione
2343 2293 2417 2351 et
2450 2286 2775 2366 legitima
2809 2292 3056 2350 aucto-

815 2393 1032 2458 ritate
1070 2393 1302 2475 potita
1339 2410 1501 2458 esse
1554 2392 1845 2458 videtur
1882 2411 2012 2477 pro
2048 2393 2399 2457 Ecclesiis
2432 2395 2508 2458 in
2562 2393 2821 2476 quibus
2859 2393 3056 2475 vige-

811 2502 939 2566 bat
999 2498 1410 2583 Disciplina
1474 2501 1960 2568 Mixtarabica
2016 2501 2462 2588 (Mozarabe)
2518 2502 2638 2585 (1);
2696 2501 2854 2582 sed,
2906 2501 3057 2582 ejus

814 2608 1072 2672 valore
1142 2609 1540 2673 scientifico
1607 2612 1884 2674 tantum
1941 2617 2300 2694 spectato,
2362 2612 2776 2675 firmitatem
2832 2609 3057 2674 omni·

815 2714 1099 2779 modam
1135 2721 1207 2778 et
1239 2717 1388 2781 vim
1424 2717 1908 2782 indubitatam
1943 2719 2236 2783 minime
2284 2719 2557 2783 habere
2591 2718 2849 2801 potuit,
2890 2736 3056 2800 quo·

815 2822 1012 2888 niam
1080 2822 1528 2907 Compilator
1566 2827 1929 2909 arabicus,
1990 2828 2314 2909 quisquis
2362 2827 2485 2891 ille
2538 2827 2657 2906 sit,
2696 2826 3058 2909 primaevi

815 2932 1037 2997 fontis
1093 2933 1418 2998 ordinem
1478 2935 1790 2999 mutavit
1843 2940 1918 2999 et
1973 2936 2429 3018 antiquitatis
2483 2940 2957 2999 monumenta
2988 2935 3060 2999 in

823 3037 1093 3105 Codice
1130 3039 1539 3107 Isidoriano
1577 3043 1891 3108 collecta
1928 3043 2004 3108 in
2039 3043 2545 3126 compendium
2576 3042 2850 3109 retulit.

951 3338 1028 3406 (l)
1098 3338 1479 3409 Nuncupatur
1522 3340 1841 3410 Disciplina
1890 3340 2270 3395 Mixtarabica
2312 3340 2676 3408 (Mazarabe):
2725 3338 3062 3407 Gomplexio

813 3411 1132 3474 regularum
1165 3415 1254 3464 vel
1284 3414 1473 3478 legum
1496 3413 1724 3479 quibus,
1752 3415 1812 3464 in
1862 3413 2062 3466 ordine
2086 3416 2376 3479 canonico,
2420 3413 2681 3479 liturgico
2721 3416 2899 3478 atque
2922 3409 3065 3479 judi·

815 3482 960 3546 ciali,
984 3487 1139 3535 recta
1157 3487 1247 3535 est
1282 3485 1541 3537 Ecclesia
1568 3485 1883 3551 Hispanica
1903 3483 1976 3536 ab
1995 3500 2149 3538 anno
2176 3486 2297 3551 711,
2316 3486 2375 3538 in
2400 3501 2515 3552 quo
2537 3486 2708 3538 desiit
2727 3483 3062 3537 Monarchia

815 3550 1060 3606 Gothica
1093 3569 1271 3621 usque
1316 3556 1390 3607 ad
1433 3556 1608 3608 finem
1666 3556 1880 3609 saeculi
1909 3555 2009 3622 XI,
2059 3572 2189 3623 qu0,
2216 3559 2562 3624 recuperatis
2585 3557 2782 3609 Toleto
2806 3559 2868 3606 et
2901 3552 3063 3614 Osca,

813 3625 1042 3677 firmata
1088 3625 1316 3691 duplice
1343 3630 1761 3680 restauratione
1795 3626 2139 3691 Cantabrica
2162 3631 2220 3680 et
2247 3627 2557 3685 Pirenaica,
2607 3641 2829 3679 necnon
2856 3624 3062 3693 praeci·

815 3696 943 3761 puis
978 3700 1170 3763 regnis
1216 3697 1506 3752 castellae
1558 3703 1729 3766 atque
1781 3699 2100 3765 Aragoniae
2148 3700 2491 3766 constitutis,
2532 3698 2779 3751 abolitus
2806 3701 2901 3754 est
2922 3698 3061 3750 ritus

815 3768 1089 3833 gothicus.
1120 3769 1477 3836 Huiusmodi
1505 3770 1651 3823 ritus
1680 3786 1712 3822 a
1740 3774 1922 3838 primo
1947 3771 2237 3823 Ecclesiae
2263 3772 2490 3824 saeculo
2530 3770 2589 3822 in
2617 3769 2959 3836 Hispaniam
2987 3768 3062 3818 in·

813 3838 1017 3892 ductus
1038 3838 1110 3891 ab
1140 3842 1431 3907 Apostolis
1454 3837 1674 3894 ,Iacobo
1699 3845 1759 3893 et
1788 3841 1986 3908 Paule,
2030 3848 2322 3909 correptus
2347 3852 2405 3895 et
2429 3841 2660 3894 additus
2685 3855 2718 3893 a
2744 3839 3060 3892 clarissimo

813 3916 1010 3963 nostro
1030 3910 1277 3964 Doctore
1304 3913 1357 3965 S.
1391 3912 1635 3980 Isidor0,
1664 3926 1842 3979 purus
1868 3920 2041 3978 atque
2083 3914 2397 3966 catholicus
2421 3929 2452 3964 a
2475 3914 2682 3965 Sancta
2706 3911 2849 3963 Sede
2873 3923 3060 3962 saecu·

815 3983 869 4031 lo
895 3982 981 4033 IX
1003 3982 1341 4050 declaratus,
1365 3983 1711 4037 observatus
1744 4000 1928 4050 usque
1956 3984 2028 4035 ad
2086 3985 2257 4037 finem
2294 3985 2505 4037 saeculi
2552 3984 2604 4035 Χ
2614 3985 2656 4050 1,
2682 3982 2742 4034 in
2780 3979 3060 4048 Aragonia

817 4067 997 4119 usque
1023 4054 1094 4105 ad
1141 4069 1355 4107 annum
1390 4055 1549 4122 1071,
1579 4059 1638 4109 in
1692 4054 1953 4108 Castella
1980 4063 2038 4107 et
2065 4056 2315 4120 Legione
2361 4071 2541 4121 usque
2564 4056 2635 4107 ad
2664 4070 2876 4106 annum
2910 4054 3059 4115 1078,

815 4125 925 4175 fuit
949 4124 1178 4177 demum
1213 4127 1481 4180 anostris
1507 4126 1785 4180 Ecclesiis
1828 4128 2113 4192 relegatus
2150 4128 2381 4181 saeculo
2430 4126 2512 4179 Xl
2536 4131 2783 4179 exeunte
2807 4127 2867 4177 in
2903 4123 3055 4177 obse-

813 4199 1008 4261 quium
1039 4195 1466 4266 unffomitatis,
1489 4213 1839 4265 quamquam
1864 4201 1925 4251 in
1950 4198 2227 4252 honorem
2252 4213 2320 4251 ac
2339 4200 2673 4252 memoriam
2697 4200 2897 4250 tantae
2912 4196 3060 4248 litur-

815 4267 942 4335 giae
966 4268 1156 4323 adhuc
1173 4273 1436 4324 servatur
1473 4269 1751 4339 cappella
1771 4270 2151 4324 Mixtarabica
2173 4272 2233 4323 in
2258 4270 2515 4325 Ecclesia
2551 4270 2820 4324 Toletana
2858 4268 3059 4321 erecta.
