3332 5100
1672 324 1988 389 ...72-..

880 470 1033 543 LX.
1131 475 1292 541 Non
1329 479 1439 540 est
1468 475 1544 539 in
1577 492 1804 557 mora,
1847 474 1966 558 qui
1999 475 2244 557 potest
2276 472 2715 556 exceptione
2769 469 2946 556 legi-

704 585 884 651 tima
920 602 999 649 se
1031 583 1245 648 tueri.
2575 608 2584 615 ·

880 690 1071 757 LXI.
1168 688 1374 771 Quod
1417 691 1508 756 ob
1571 690 1888 774 gratiam
1953 688 2260 770 alicujus
2318 688 2766 771 conceditur,
2805 706 2950 753 non

706 802 816 863 est
847 798 919 861 in
956 798 1111 879 eJus
1146 797 1601 881 dispendium
1636 797 2225 881 retorquendum.

882 904 1110 971 LXII.
1206 904 1463 971 Nullus
1498 924 1591 971 ex
1626 906 1950 987 consilio,
1989 903 2372 969 dummodo
2403 887 2950 969 fraudulentum

709 1029 855 1078 non
887 1011 1132 1095 fuerit,
1172 1012 1563 1094 obligatur.

880 1118 1144 1183 LXIII.
1240 1118 1764 1202 Exceptionem
1796 1116 2171 1200 objiciens,
2202 1135 2348 1182 non
2379 1116 2670 1183 videtur
2707 1117 2794 1182 de
2846 1118 2950 1181 in-

703 1224 1032 1291 tentione
1067 1225 1475 1292 adversarii
1510 1226 1866 1291 confiteri.

882 1332 1139 1397 LXIV.
1236 1331 1439 1413 Quae
1472 1336 1730 1399 contra
1757 1334 1876 1414 jus
1936 1332 2140 1413 fiunt,
2191 1330 2458 1397 debent
2511 1331 2759 1415 utique
2817 1349 2952 1414 pro

710 1438 1001 1506 infectis
1027 1439 1307 1505 haberi.
2683 1494 2690 1497 ,

882 1546 1103 1612 LXV.
1199 1547 1285 1611 In
1320 1546 1481 1630 pari
1516 1546 1781 1612 delicto
1817 1547 1939 1611 vel
1973 1564 2220 1628 causa,
2261 1546 2502 1629 potior
2541 1550 2652 1611 est
2710 1546 2953 1611 condi-

708 1653 807 1719 tio
840 1654 1305 1737 possidentis,

889 1761 1147 1827 LXVI.
1244 1760 1421 1827 Cum
1456 1765 1780 1832 nonstat
1818 1779 1949 1845 per
1985 1778 2146 1825 eum
2201 1759 2296 1824 ad
2343 1778 2552 1843 quem
2609 1759 2953 1843 pertinet,

710 1870 1091 1953 quominus
1127 1870 1441 1935 conditio
1475 1870 1890 1953 impleatur,
1928 1868 2183 1935 haberi
2217 1867 2432 1932 debet
2497 1868 2802 1950 perinde
2865 1884 2958 1931 ac

712 1975 774 2037 si
806 1974 1107 2057 impleta
1146 1975 1426 2039 fuisset.

888 2080 1182 2145 LXVII.
1280 2080 1488 2162 Quod
1544 2081 1763 2146 alicui
1819 2098 1946 2146 suo
2009 2099 2155 2151 non
2214 2081 2389 2147 licet
2443 2080 2760 2161 nomine,
2821 2096 2958 2143 nec

714 2188 952 2253 alieno
1000 2187 1273 2252 licebit.

888 2294 1220 2361 LXVIII.
1316 2295 1564 2363 Potest
1593 2295 1752 2379 quis
1781 2313 1913 2379 per
1941 2296 2188 2379 alium,
2217 2294 2410 2378 quod
2443 2298 2683 2377 potest
2710 2294 2960 2359 facere

712 2419 844 2486 per
877 2404 1221 2485 seipsum.

888 2509 1149 2576 LXIX.
1245 2510 1332 2576 In
1364 2510 1573 2576 malis
1609 2510 2010 2594 promissi8‚
2051 2511 2265 2578 fidem
2297 2529 2444 2576 non
2507 2509 2804 2594 expedit
2839 2509 2960 2574 ob·-

716 2620 1025 2684 servari.

890 2724 1115 2790 LXX.
1210 2725 1295 2790 In
1324 2725 1810 2806 alternativi8‚
1843 2725 2189 2792 debitoris
2217 2726 2640 2812 est-electio²
2664 2731 2738 2790 et
2764 2724 2961 2790 suffi-

716 2832 817 2897 cit
849 2831 1159 2896 alterum
1185 2832 1597 2915 adimpleri.

892 2939 1155 3004 LXXI.
1254 2938 1391 3020 Qui
1426 2940 1519 3004 ad
1552 2938 1913 3022 agendum
1947 2940 2378 3024 admittitur;
2447 2945 2558 3006 est
2620 2940 2715 3005 ad
2769 2939 2964 3004 exci-

715 3046 1054 3129 piendum
1090 3046 1311 3110 multo
1347 3048 1575 3129 magis
1605 3047 2153 3113 admittendum.

894 3153 1192 3218 LXXII.
1290 3151 1426 3234 Qui
1495 3155 1674 3219 facit
1730 3173 1860 3238 per
1917 3156 2164 3238 alium,
2227 3157 2338 3219 est
2394 3153 2696 3237 perinde
2755 3171 2843 3218 ac
2900 3152 2964 3218 si

716 3261 945 3326 faciat
974 3261 1107 3342 per
1138 3260 1480 3343 seipsum.

894 3366 1229 3432 LXXIII.
1324 3368 1627 3434 Factum
1688 3369 1992 3450 legitimi
2053 3368 2441 3434 retractari
2503 3385 2648 3435 non
2721 3366 2960 3451 debet,

716 3475 890 3542 licet
924 3487 1137 3539 casus
1170 3478 1427 3557 postea
1459 3475 1779 3555 eveniat,
1819 3493 1862 3537 a
1887 3492 2030 3556 quo
2071 3492 2216 3540 non
2249 3473 2483 3557 potuit
2510 3472 2864 3538 inchoari.

892 3581 1219 3648 LXXIV.
1319 3580 1525 3662 Quod
1545 3581 1764 3646 alicui
1786 3582 2107 3663 gratiose
2135 3582 2579 3664 conceditur,
2601 3581 2792 3644 trahi
2818 3598 2968 3645 non

721 3689 937 3754 debet
970 3689 1060 3753 ab
1096 3689 1257 3754 aliis
1292 3689 1368 3754 in
1403 3689 1840 3770 exemplum.
2854 3699 2864 3716 ‘

896 3795 1188 3860 LXXV.
1286 3796 1590 3861 Frustra
1624 3795 1761 3860 sibi
1792 3795 2007 3860 fidem
2043 3794 2204 3878 quis
2232 3795 2556 3877 postulat
2584 3795 2676 3859 ab
2698 3812 2787 3860 eo
2817 3811 2967 3860 ser-

719 3903 909 3986 vari,
950 3903 1068 3968 cui
1099 3903 1312 3968 fidem
1349 3921 1393 3966 a
1418 3920 1497 3968 se
1532 3901 1961 3985 praestitam
1995 3920 2298 3969 servare
2332 3907 2649 3967 recusat.

897 4009 1225 4075 LXXVI.
1320 4009 1686 4074 Delictum
1735 4027 2094 4092 personae
2149 4028 2296 4075 non
2349 4010 2564 4076 debet
2610 4011 2690 4077 in
2749 4007 2969 4074 detri-

721 4123 1042 4188 mentum
1076 4117 1452 4184 Ecclesiae
1486 4116 1922 4184 redundare.

761 4288 770 4296 .
897 4224 1260 4290 LXXVII.
1356 4225 1645 4290 Rationi
1681 4224 2038 4307 congruit,
2079 4226 2157 4288 ut
2210 4224 2558 4290 succedat
2611 4223 2690 4290 in
2745 4240 2975 4291 onere

724 4332 847 4420 qui
880 4333 1338 4399 substituitur
1371 4333 1446 4396 in
1471 4332 1772 4398 honore.
