<?xml version="1.0" encoding="UTF-8"?>
<!DOCTYPE html PUBLIC "-//W3C//DTD XHTML 1.0 Transitional//EN"
    "http://www.w3.org/TR/xhtml1/DTD/xhtml1-transitional.dtd">
<html xmlns="http://www.w3.org/1999/xhtml" xml:lang="en" lang="en">
 <head>
  <title>
</title>
<meta http-equiv="Content-Type" content="text/html;charset=utf-8" />
  <meta name='ocr-system' content='tesseract 3.04.00' />
  <meta name='ocr-capabilities' content='ocr_page ocr_carea ocr_par ocr_line ocrx_word'/>
</head>
<body>
  <div class='ocr_page' id='page_1' title='image "./introductioinju00ferngoog_0056.png"; bbox 0 0 3332 5100; ppageno 0'>
   <div class='ocr_carea' id='block_1_1' title="bbox 22 1179 66 2268">
    <p class='ocr_par' dir='ltr' id='par_1_1' title="bbox 22 1179 66 2268">
     <span class='ocr_line' id='line_1_1' title="bbox 22 1179 66 2268; baseline 0 0"><span class='ocrx_word' id='word_1_1' title='bbox 22 1179 66 2268; x_wconf 95' lang='lat' dir='ltr'><strong> </strong></span> 
     </span>
    </p>
   </div>
   <div class='ocr_carea' id='block_1_2' title="bbox 15 2554 207 4746">
    <p class='ocr_par' dir='ltr' id='par_1_2' title="bbox 15 2554 207 4746">
     <span class='ocr_line' id='line_1_2' title="bbox 15 2554 207 4746; baseline 0 0"><span class='ocrx_word' id='word_1_2' title='bbox 15 2554 207 4746; x_wconf 95' lang='lat' dir='ltr'><strong> </strong></span> 
     </span>
    </p>
   </div>
   <div class='ocr_carea' id='block_1_3' title="bbox 1655 359 1973 418">
    <p class='ocr_par' dir='ltr' id='par_1_3' title="bbox 1655 359 1973 418">
     <span class='ocr_line' id='line_1_3' title="bbox 1655 359 1973 418; baseline -0.006 -13"><span class='ocrx_word' id='word_1_3' title='bbox 1655 359 1973 418; x_wconf 73' lang='grc'>...36-</span> 
     </span>
    </p>
   </div>
   <div class='ocr_carea' id='block_1_4' title="bbox 686 502 2968 4350">
    <p class='ocr_par' dir='ltr' id='par_1_4' title="bbox 686 502 2968 2947">
     <span class='ocr_line' id='line_1_4' title="bbox 694 502 2954 587; baseline -0 -17"><span class='ocrx_word' id='word_1_4' title='bbox 694 505 1157 587; x_wconf 80' lang='lat' dir='ltr'><strong>adversatur,</strong></span> <span class='ocrx_word' id='word_1_5' title='bbox 1193 502 1778 587; x_wconf 84' lang='lat' dir='ltr'><strong>quandoquidem</strong></span> <span class='ocrx_word' id='word_1_6' title='bbox 1813 502 1956 568; x_wconf 87' lang='lat' dir='ltr'><strong>tria</strong></span> <span class='ocrx_word' id='word_1_7' title='bbox 1991 502 2415 568; x_wconf 78' lang='lat' dir='ltr'><strong>essentialia</strong></span> <span class='ocrx_word' id='word_1_8' title='bbox 2449 502 2793 587; x_wconf 83' lang='lat' dir='ltr'><strong>dogmata</strong></span> <span class='ocrx_word' id='word_1_9' title='bbox 2825 521 2954 569; x_wconf 87' lang='lat' dir='ltr'><strong>ne-</strong></span> 
     </span>
     <span class='ocr_line' id='line_1_5' title="bbox 690 609 2954 694; baseline -0 -16"><span class='ocrx_word' id='word_1_10' title='bbox 690 613 1062 679; x_wconf 84' lang='lat' dir='ltr'><strong>cessariae</strong></span> <span class='ocrx_word' id='word_1_11' title='bbox 1096 610 1587 693; x_wconf 80' lang='lat' dir='ltr'><strong>visibilitatis,</strong></span> <span class='ocrx_word' id='word_1_12' title='bbox 1627 626 1888 675; x_wconf 85' lang='lat' dir='ltr'><strong>sacrae</strong></span> <span class='ocrx_word' id='word_1_13' title='bbox 1923 609 2401 676; x_wconf 86' lang='lat' dir='ltr'><strong>Hierarchiae</strong></span> <span class='ocrx_word' id='word_1_14' title='bbox 2449 615 2522 677; x_wconf 90' lang='lat' dir='ltr'><strong>et</strong></span> <span class='ocrx_word' id='word_1_15' title='bbox 2555 629 2954 694; x_wconf 77' lang='lat' dir='ltr'><strong>supremae</strong></span> 
     </span>
     <span class='ocr_line' id='line_1_6' title="bbox 692 715 2953 803; baseline -0.001 -17"><span class='ocrx_word' id='word_1_16' title='bbox 692 719 1340 803; x_wconf 89' lang='lat' dir='ltr'><strong>Independentiae,</strong></span> <span class='ocrx_word' id='word_1_17' title='bbox 1383 735 1571 800; x_wconf 90' lang='lat' dir='ltr'><strong>quae</strong></span> <span class='ocrx_word' id='word_1_18' title='bbox 1606 736 1649 782; x_wconf 86' lang='lat' dir='ltr'><strong>a</strong></span> <span class='ocrx_word' id='word_1_19' title='bbox 1682 717 2022 783; x_wconf 89' lang='lat' dir='ltr'><strong>Patribus</strong></span> <span class='ocrx_word' id='word_1_20' title='bbox 2081 722 2155 782; x_wconf 88' lang='lat' dir='ltr'><strong>et</strong></span> <span class='ocrx_word' id='word_1_21' title='bbox 2189 715 2533 783; x_wconf 77' lang='lat' dir='ltr'><strong>Consiliis</strong></span> <span class='ocrx_word' id='word_1_22' title='bbox 2590 737 2722 802; x_wconf 90' lang='lat' dir='ltr'><strong>pro</strong></span> <span class='ocrx_word' id='word_1_23' title='bbox 2779 718 2953 784; x_wconf 88' lang='lat' dir='ltr'><strong>defi-</strong></span> 
     </span>
     <span class='ocr_line' id='line_1_7' title="bbox 688 809 2952 910; baseline -0.001 -16"><span class='ocrx_word' id='word_1_24' title='bbox 688 827 959 894; x_wconf 89' lang='lat' dir='ltr'><strong>nienda</strong></span> <span class='ocrx_word' id='word_1_25' title='bbox 993 809 1370 892; x_wconf 80' lang='lat' dir='ltr'><strong>Ecclesiae</strong></span> <span class='ocrx_word' id='word_1_26' title='bbox 1404 825 1920 890; x_wconf 88' lang='lat' dir='ltr'><strong>constitutione</strong></span> <span class='ocrx_word' id='word_1_27' title='bbox 1958 824 2342 890; x_wconf 86' lang='lat' dir='ltr'><strong>declarata</strong></span> <span class='ocrx_word' id='word_1_28' title='bbox 2387 825 2616 908; x_wconf 85' lang='lat' dir='ltr'><strong>fuere,</strong></span> <span class='ocrx_word' id='word_1_29' title='bbox 2654 829 2952 910; x_wconf 78' lang='lat' dir='ltr'><strong>penitus</strong></span> 
     </span>
     <span class='ocr_line' id='line_1_8' title="bbox 688 930 2954 1015; baseline -0.001 -14"><span class='ocrx_word' id='word_1_30' title='bbox 688 934 1074 1013; x_wconf 81' lang='lat' dir='ltr'><strong>subvertit3</strong></span> <span class='ocrx_word' id='word_1_31' title='bbox 1112 933 1220 998; x_wconf 57' lang='grc' dir='ltr'><strong>δέ)</strong></span> <span class='ocrx_word' id='word_1_32' title='bbox 1254 933 1474 998; x_wconf 86' lang='lat' dir='ltr'><strong>etiam</strong></span> <span class='ocrx_word' id='word_1_33' title='bbox 1533 931 1913 997; x_wconf 88' lang='lat' dir='ltr'><strong>intellecta</strong></span> <span class='ocrx_word' id='word_1_34' title='bbox 1969 933 2043 995; x_wconf 91' lang='lat' dir='ltr'><strong>et</strong></span> <span class='ocrx_word' id='word_1_35' title='bbox 2095 931 2470 1014; x_wconf 88' lang='lat' dir='ltr'><strong>explicata</strong></span> <span class='ocrx_word' id='word_1_36' title='bbox 2509 930 2828 1015; x_wconf 89' lang='lat' dir='ltr'><strong>benigna</strong></span> <span class='ocrx_word' id='word_1_37' title='bbox 2877 936 2954 998; x_wconf 87' lang='lat' dir='ltr'><strong>et</strong></span> 
     </span>
     <span class='ocr_line' id='line_1_9' title="bbox 686 1039 2955 1124; baseline -0.002 -14"><span class='ocrx_word' id='word_1_38' title='bbox 686 1043 936 1110; x_wconf 87' lang='lat' dir='ltr'><strong>latiori</strong></span> <span class='ocrx_word' id='word_1_39' title='bbox 972 1041 1426 1124; x_wconf 84' lang='lat' dir='ltr'><strong>acceptione,</strong></span> <span class='ocrx_word' id='word_1_40' title='bbox 1464 1041 1682 1122; x_wconf 86' lang='lat' dir='ltr'><strong>prout</strong></span> <span class='ocrx_word' id='word_1_41' title='bbox 1723 1055 1886 1102; x_wconf 86' lang='lat' dir='ltr'><strong>eam</strong></span> <span class='ocrx_word' id='word_1_42' title='bbox 1933 1041 2308 1121; x_wconf 85' lang='lat' dir='ltr'><strong>exponunt</strong></span> <span class='ocrx_word' id='word_1_43' title='bbox 2370 1039 2828 1122; x_wconf 87' lang='lat' dir='ltr'><strong>jansenistae</strong></span> <span class='ocrx_word' id='word_1_44' title='bbox 2876 1044 2955 1105; x_wconf 90' lang='lat' dir='ltr'><strong>et</strong></span> 
     </span>
     <span class='ocr_line' id='line_1_10' title="bbox 688 1143 2949 1232; baseline -0.002 -16"><span class='ocrx_word' id='word_1_45' title='bbox 688 1149 1089 1232; x_wconf 84' lang='lat' dir='ltr'><strong>regalistae</strong></span> <span class='ocrx_word' id='word_1_46' title='bbox 1121 1147 1469 1227; x_wconf 77' lang='lat' dir='ltr'><strong>mitioreS,</strong></span> <span class='ocrx_word' id='word_1_47' title='bbox 1502 1145 1624 1228; x_wconf 91' lang='lat' dir='ltr'><strong>qui</strong></span> <span class='ocrx_word' id='word_1_48' title='bbox 1661 1143 2006 1210; x_wconf 81' lang='lat' dir='ltr'><strong>catholici</strong></span> <span class='ocrx_word' id='word_1_49' title='bbox 2040 1145 2275 1210; x_wconf 85' lang='lat' dir='ltr'><strong>videri</strong></span> <span class='ocrx_word' id='word_1_50' title='bbox 2308 1146 2594 1229; x_wconf 86' lang='lat' dir='ltr'><strong>volunt,</strong></span> <span class='ocrx_word' id='word_1_51' title='bbox 2633 1149 2949 1212; x_wconf 86' lang='lat' dir='ltr'><strong>auctori·</strong></span> 
     </span>
     <span class='ocr_line' id='line_1_11' title="bbox 689 1252 2948 1338; baseline -0.001 -16"><span class='ocrx_word' id='word_1_52' title='bbox 689 1261 922 1322; x_wconf 86' lang='lat' dir='ltr'><strong>tatem</strong></span> <span class='ocrx_word' id='word_1_53' title='bbox 955 1255 1331 1321; x_wconf 86' lang='lat' dir='ltr'><strong>Ecclesiae</strong></span> <span class='ocrx_word' id='word_1_54' title='bbox 1365 1253 1712 1319; x_wconf 87' lang='lat' dir='ltr'><strong>divinitus</strong></span> <span class='ocrx_word' id='word_1_55' title='bbox 1772 1252 2120 1319; x_wconf 83' lang='lat' dir='ltr'><strong>collatam</strong></span> <span class='ocrx_word' id='word_1_56' title='bbox 2168 1253 2419 1337; x_wconf 88' lang='lat' dir='ltr'><strong>laedit,</strong></span> <span class='ocrx_word' id='word_1_57' title='bbox 2474 1255 2948 1338; x_wconf 87' lang='lat' dir='ltr'><strong>ejusdemque</strong></span> 
     </span>
     <span class='ocr_line' id='line_1_12' title="bbox 694 1360 2954 1445; baseline -0.002 -13"><span class='ocrx_word' id='word_1_58' title='bbox 694 1364 1054 1432; x_wconf 88' lang='lat' dir='ltr'><strong>inviolata</strong></span> <span class='ocrx_word' id='word_1_59' title='bbox 1078 1364 1248 1445; x_wconf 83' lang='lat' dir='ltr'><strong>jura</strong></span> <span class='ocrx_word' id='word_1_60' title='bbox 1283 1361 1541 1445; x_wconf 79' lang='lat' dir='ltr'><strong>aperte</strong></span> <span class='ocrx_word' id='word_1_61' title='bbox 1573 1360 1958 1426; x_wconf 90' lang='lat' dir='ltr'><strong>conculcat</strong></span> <span class='ocrx_word' id='word_1_62' title='bbox 2013 1364 2087 1426; x_wconf 89' lang='lat' dir='ltr'><strong>et</strong></span> <span class='ocrx_word' id='word_1_63' title='bbox 2133 1378 2403 1443; x_wconf 85' lang='lat' dir='ltr'><strong>magna</strong></span> <span class='ocrx_word' id='word_1_64' title='bbox 2459 1377 2624 1427; x_wconf 90' lang='lat' dir='ltr'><strong>cum</strong></span> <span class='ocrx_word' id='word_1_65' title='bbox 2677 1361 2954 1444; x_wconf 88' lang='lat' dir='ltr'><strong>injuria</strong></span> 
     </span>
     <span class='ocr_line' id='line_1_13' title="bbox 693 1468 2951 1558; baseline -0.001 -20"><span class='ocrx_word' id='word_1_66' title='bbox 693 1470 1115 1558; x_wconf 81' lang='lat' dir='ltr'><strong>pessundat3</strong></span> <span class='ocrx_word' id='word_1_67' title='bbox 1151 1469 1254 1535; x_wconf 86' lang='lat'><strong>6.0</strong></span> <span class='ocrx_word' id='word_1_68' title='bbox 1294 1470 1639 1534; x_wconf 88' lang='lat' dir='ltr'><strong>damnata</strong></span> <span class='ocrx_word' id='word_1_69' title='bbox 1676 1473 1786 1533; x_wconf 90' lang='lat' dir='ltr'><strong>est</strong></span> <span class='ocrx_word' id='word_1_70' title='bbox 1819 1469 2344 1551; x_wconf 80' lang='lat' dir='ltr'><strong>saepenumero</strong></span> <span class='ocrx_word' id='word_1_71' title='bbox 2389 1468 2467 1532; x_wconf 90' lang='lat' dir='ltr'><strong>in</strong></span> <span class='ocrx_word' id='word_1_72' title='bbox 2522 1486 2740 1534; x_wconf 89' lang='lat' dir='ltr'><strong>sensu</strong></span> <span class='ocrx_word' id='word_1_73' title='bbox 2785 1470 2951 1551; x_wconf 75' lang='lat' dir='ltr'><strong>Jan·</strong></span> 
     </span>
     <span class='ocr_line' id='line_1_14' title="bbox 692 1573 2951 1660; baseline -0.002 -14"><span class='ocrx_word' id='word_1_74' title='bbox 692 1580 1021 1658; x_wconf 86' lang='lat' dir='ltr'><strong>senian0,</strong></span> <span class='ocrx_word' id='word_1_75' title='bbox 1074 1595 1163 1642; x_wconf 89' lang='lat' dir='ltr'><strong>ac</strong></span> <span class='ocrx_word' id='word_1_76' title='bbox 1196 1577 1631 1660; x_wconf 84' lang='lat' dir='ltr'><strong>praesertim</strong></span> <span class='ocrx_word' id='word_1_77' title='bbox 1668 1594 1712 1640; x_wconf 93' lang='lat' dir='ltr'><strong>a</strong></span> <span class='ocrx_word' id='word_1_78' title='bbox 1745 1575 2139 1640; x_wconf 86' lang='lat' dir='ltr'><strong>Benedicto</strong></span> <span class='ocrx_word' id='word_1_79' title='bbox 2190 1574 2364 1640; x_wconf 91' lang='lat' dir='ltr'><strong>XIV</strong></span> <span class='ocrx_word' id='word_1_80' title='bbox 2411 1575 2633 1641; x_wconf 86' lang='lat' dir='ltr'><strong>Brevi</strong></span> <span class='ocrx_word' id='word_1_81' title='bbox 2690 1573 2804 1642; x_wconf 81' lang='lat' dir='ltr'><strong>Ad</strong></span> <span class='ocrx_word' id='word_1_82' title='bbox 2837 1598 2951 1642; x_wconf 73' lang='lat' dir='ltr'><strong>as-</strong></span> 
     </span>
     <span class='ocr_line' id='line_1_15' title="bbox 694 1681 2955 1766; baseline -0.002 -12"><span class='ocrx_word' id='word_1_83' title='bbox 694 1687 939 1754; x_wconf 72' lang='lat' dir='ltr'><strong>siduas</strong></span> <span class='ocrx_word' id='word_1_84' title='bbox 977 1684 1147 1750; x_wconf 82' lang='lat'>1755</span> <span class='ocrx_word' id='word_1_85' title='bbox 1182 1684 1400 1763; x_wconf 81' lang='lat' dir='ltr'><strong>edito,</strong></span> <span class='ocrx_word' id='word_1_86' title='bbox 1439 1702 1483 1748; x_wconf 92' lang='lat' dir='ltr'><strong>a</strong></span> <span class='ocrx_word' id='word_1_87' title='bbox 1515 1682 1643 1747; x_wconf 90' lang='lat' dir='ltr'><strong>Pio</strong></span> <span class='ocrx_word' id='word_1_88' title='bbox 1687 1682 1781 1747; x_wconf 93' lang='lat' dir='ltr'><strong>VI</strong></span> <span class='ocrx_word' id='word_1_89' title='bbox 1830 1683 2040 1748; x_wconf 92' lang='lat' dir='ltr'><strong>Bulla</strong></span> <span class='ocrx_word' id='word_1_90' title='bbox 2098 1682 2534 1766; x_wconf 87' lang='lat' dir='ltr'><strong>Dogmatica</strong></span> <span class='ocrx_word' id='word_1_91' title='bbox 2584 1681 2955 1750; x_wconf 80' lang='lat' dir='ltr'><strong>Auctorem</strong></span> 
     </span>
     <span class='ocr_line' id='line_1_16' title="bbox 690 1789 2955 1874; baseline -0.001 -15"><span class='ocrx_word' id='word_1_92' title='bbox 690 1794 891 1860; x_wconf 82' lang='lat' dir='ltr'><strong>Fidei</strong></span> <span class='ocrx_word' id='word_1_93' title='bbox 928 1791 1101 1857; x_wconf 82' lang='lat'>1794</span> <span class='ocrx_word' id='word_1_94' title='bbox 1127 1790 1504 1874; x_wconf 83' lang='lat' dir='ltr'><strong>expedita,</strong></span> <span class='ocrx_word' id='word_1_95' title='bbox 1542 1791 1587 1853; x_wconf 83' lang='lat' dir='ltr'><strong>a</strong></span> <span class='ocrx_word' id='word_1_96' title='bbox 1614 1790 1740 1853; x_wconf 90' lang='lat' dir='ltr'><strong>Pio</strong></span> <span class='ocrx_word' id='word_1_97' title='bbox 1767 1789 1874 1854; x_wconf 92' lang='lat' dir='ltr'><strong>IX</strong></span> <span class='ocrx_word' id='word_1_98' title='bbox 1908 1789 2306 1873; x_wconf 86' lang='lat' dir='ltr'><strong>Encyclica</strong></span> <span class='ocrx_word' id='word_1_99' title='bbox 2347 1789 2620 1866; x_wconf 75' lang='lat' dir='ltr'><strong>Quanta</strong></span> <span class='ocrx_word' id='word_1_100' title='bbox 2659 1789 2843 1859; x_wconf 76' lang='lat' dir='ltr'><strong>Cara</strong></span> <span class='ocrx_word' id='word_1_101' title='bbox 2877 1796 2955 1857; x_wconf 89' lang='lat' dir='ltr'><strong>et</strong></span> 
     </span>
     <span class='ocr_line' id='line_1_17' title="bbox 693 1895 2952 1986; baseline -0.001 -19"><span class='ocrx_word' id='word_1_102' title='bbox 693 1900 972 1986; x_wconf 76' lang='lat' dir='ltr'><strong>Syl-labo</strong></span> <span class='ocrx_word' id='word_1_103' title='bbox 1028 1899 1203 1964; x_wconf 85' lang='lat'>1864</span> <span class='ocrx_word' id='word_1_104' title='bbox 1256 1898 1655 1982; x_wconf 74' lang='lat' dir='ltr'><strong>evulgatiS,</strong></span> <span class='ocrx_word' id='word_1_105' title='bbox 1722 1898 1767 1961; x_wconf 79' lang='lat' dir='ltr'><strong>a</strong></span> <span class='ocrx_word' id='word_1_106' title='bbox 1827 1895 2150 1962; x_wconf 86' lang='lat' dir='ltr'><strong>Concilio</strong></span> <span class='ocrx_word' id='word_1_107' title='bbox 2216 1898 2528 1980; x_wconf 84' lang='lat' dir='ltr'><strong>denique</strong></span> <span class='ocrx_word' id='word_1_108' title='bbox 2589 1898 2952 1964; x_wconf 85' lang='lat' dir='ltr'><strong>Vaticano</strong></span> 
     </span>
     <span class='ocr_line' id='line_1_18' title="bbox 696 2001 2968 2090; baseline -0.001 -17"><span class='ocrx_word' id='word_1_109' title='bbox 696 2006 1228 2073; x_wconf 83' lang='lat' dir='ltr'><strong>Constitutione</strong></span> <span class='ocrx_word' id='word_1_110' title='bbox 1274 2004 1712 2088; x_wconf 85' lang='lat' dir='ltr'><strong>Dogmatica</strong></span> <span class='ocrx_word' id='word_1_111' title='bbox 1758 2005 1868 2068; x_wconf 83' lang='lat' dir='ltr'><strong>De</strong></span> <span class='ocrx_word' id='word_1_112' title='bbox 1921 2003 2239 2070; x_wconf 77' lang='lat' dir='ltr'><strong>Ecclesia</strong></span> <span class='ocrx_word' id='word_1_113' title='bbox 2301 2001 2580 2086; x_wconf 75' lang='lat' dir='ltr'><strong>Christi,</strong></span> <span class='ocrx_word' id='word_1_114' title='bbox 2630 2024 2782 2090; x_wconf 75' lang='lat' dir='ltr'><strong>cap.</strong></span> <span class='ocrx_word' id='word_1_115' title='bbox 2831 2006 2968 2070; x_wconf 91' lang='lat' dir='ltr'><strong>III</strong></span> 
     </span>
     <span class='ocr_line' id='line_1_19' title="bbox 696 2111 2954 2196; baseline -0.002 -16"><span class='ocrx_word' id='word_1_116' title='bbox 696 2113 871 2180; x_wconf 81' lang='lat'>1870</span> <span class='ocrx_word' id='word_1_117' title='bbox 902 2113 1300 2196; x_wconf 89' lang='lat' dir='ltr'><strong>publicata;</strong></span> <span class='ocrx_word' id='word_1_118' title='bbox 1340 2111 1441 2178; x_wconf 81' lang='lat'><strong>7.⁰</strong></span> <span class='ocrx_word' id='word_1_119' title='bbox 1474 2116 1787 2193; x_wconf 87' lang='lat' dir='ltr'><strong>sumpta,</strong></span> <span class='ocrx_word' id='word_1_120' title='bbox 1851 2113 2244 2194; x_wconf 79' lang='lat' dir='ltr'><strong>postremo,</strong></span> <span class='ocrx_word' id='word_1_121' title='bbox 2282 2113 2503 2176; x_wconf 87' lang='lat' dir='ltr'><strong>etiam</strong></span> <span class='ocrx_word' id='word_1_122' title='bbox 2558 2130 2775 2177; x_wconf 89' lang='lat' dir='ltr'><strong>sensu</strong></span> <span class='ocrx_word' id='word_1_123' title='bbox 2832 2129 2954 2176; x_wconf 89' lang='lat' dir='ltr'><strong>ca·</strong></span> 
     </span>
     <span class='ocr_line' id='line_1_20' title="bbox 694 2218 2954 2300; baseline -0.001 -14"><span class='ocrx_word' id='word_1_124' title='bbox 694 2220 966 2286; x_wconf 87' lang='lat' dir='ltr'><strong>tholico</strong></span> <span class='ocrx_word' id='word_1_125' title='bbox 1000 2224 1072 2284; x_wconf 91' lang='lat' dir='ltr'><strong>et</strong></span> <span class='ocrx_word' id='word_1_126' title='bbox 1103 2223 1307 2284; x_wconf 86' lang='lat' dir='ltr'><strong>recta</strong></span> <span class='ocrx_word' id='word_1_127' title='bbox 1342 2236 1472 2283; x_wconf 85' lang='lat' dir='ltr'><strong>seu</strong></span> <span class='ocrx_word' id='word_1_128' title='bbox 1504 2218 1909 2283; x_wconf 82' lang='lat' dir='ltr'><strong>orthodoxa</strong></span> <span class='ocrx_word' id='word_1_129' title='bbox 1942 2219 2475 2300; x_wconf 88' lang='lat' dir='ltr'><strong>significatione</strong></span> <span class='ocrx_word' id='word_1_130' title='bbox 2533 2219 2624 2283; x_wconf 89' lang='lat' dir='ltr'><strong>ab</strong></span> <span class='ocrx_word' id='word_1_131' title='bbox 2681 2218 2954 2283; x_wconf 84' lang='lat' dir='ltr'><strong>scholis</strong></span> 
     </span>
     <span class='ocr_line' id='line_1_21' title="bbox 694 2324 2949 2408; baseline 0 -14"><span class='ocrx_word' id='word_1_132' title='bbox 694 2327 1073 2394; x_wconf 85' lang='lat' dir='ltr'><strong>catholicis</strong></span> <span class='ocrx_word' id='word_1_133' title='bbox 1109 2324 1555 2390; x_wconf 84' lang='lat' dir='ltr'><strong>eliminanda</strong></span> <span class='ocrx_word' id='word_1_134' title='bbox 1590 2330 1701 2390; x_wconf 88' lang='lat' dir='ltr'><strong>est</strong></span> <span class='ocrx_word' id='word_1_135' title='bbox 1749 2326 2228 2390; x_wconf 90' lang='lat' dir='ltr'><strong>celeberrima</strong></span> <span class='ocrx_word' id='word_1_136' title='bbox 2279 2325 2462 2390; x_wconf 86' lang='lat' dir='ltr'><strong>haec</strong></span> <span class='ocrx_word' id='word_1_137' title='bbox 2504 2326 2949 2408; x_wconf 87' lang='lat' dir='ltr'><strong>janseniana</strong></span> 
     </span>
     <span class='ocr_line' id='line_1_22' title="bbox 696 2433 2957 2516; baseline 0 -17"><span class='ocrx_word' id='word_1_138' title='bbox 696 2433 1089 2514; x_wconf 83' lang='lat' dir='ltr'><strong>distinctio,</strong></span> <span class='ocrx_word' id='word_1_139' title='bbox 1130 2433 1398 2498; x_wconf 87' lang='lat' dir='ltr'><strong>etenim</strong></span> <span class='ocrx_word' id='word_1_140' title='bbox 1433 2449 1722 2515; x_wconf 88' lang='lat' dir='ltr'><strong>semper</strong></span> <span class='ocrx_word' id='word_1_141' title='bbox 1751 2433 2095 2516; x_wconf 89' lang='lat' dir='ltr'><strong>periculis</strong></span> <span class='ocrx_word' id='word_1_142' title='bbox 2128 2434 2350 2515; x_wconf 90' lang='lat' dir='ltr'><strong>plena</strong></span> <span class='ocrx_word' id='word_1_143' title='bbox 2404 2433 2614 2498; x_wconf 91' lang='lat' dir='ltr'><strong>nobis</strong></span> <span class='ocrx_word' id='word_1_144' title='bbox 2662 2433 2957 2499; x_wconf 87' lang='lat' dir='ltr'><strong>videtur</strong></span> 
     </span>
     <span class='ocr_line' id='line_1_23' title="bbox 694 2540 2956 2626; baseline 0 -19"><span class='ocrx_word' id='word_1_145' title='bbox 694 2546 995 2626; x_wconf 89' lang='lat' dir='ltr'><strong>propter</strong></span> <span class='ocrx_word' id='word_1_146' title='bbox 1028 2541 1485 2625; x_wconf 85' lang='lat' dir='ltr'><strong>corruptelas</strong></span> <span class='ocrx_word' id='word_1_147' title='bbox 1522 2543 1594 2605; x_wconf 89' lang='lat' dir='ltr'><strong>et</strong></span> <span class='ocrx_word' id='word_1_148' title='bbox 1626 2559 1962 2625; x_wconf 10' lang='lat' dir='ltr'><strong>,errorem</strong></span> <span class='ocrx_word' id='word_1_149' title='bbox 2026 2541 2173 2625; x_wconf 90' lang='lat' dir='ltr'><strong>qui,</strong></span> <span class='ocrx_word' id='word_1_150' title='bbox 2225 2540 2364 2607; x_wconf 87' lang='lat' dir='ltr'><strong>hac</strong></span> <span class='ocrx_word' id='word_1_151' title='bbox 2425 2540 2676 2607; x_wconf 90' lang='lat' dir='ltr'><strong>dolosa</strong></span> <span class='ocrx_word' id='word_1_152' title='bbox 2734 2541 2956 2608; x_wconf 90' lang='lat' dir='ltr'><strong>deno-</strong></span> 
     </span>
     <span class='ocr_line' id='line_1_24' title="bbox 694 2648 2952 2731; baseline -0 -16"><span class='ocrx_word' id='word_1_153' title='bbox 694 2650 1094 2716; x_wconf 85' lang='lat' dir='ltr'><strong>minatione</strong></span> <span class='ocrx_word' id='word_1_154' title='bbox 1126 2650 1499 2731; x_wconf 85' lang='lat' dir='ltr'><strong>invocata,</strong></span> <span class='ocrx_word' id='word_1_155' title='bbox 1538 2648 1758 2713; x_wconf 87' lang='lat' dir='ltr'><strong>aulici</strong></span> <span class='ocrx_word' id='word_1_156' title='bbox 1794 2652 1868 2713; x_wconf 89' lang='lat' dir='ltr'><strong>et</strong></span> <span class='ocrx_word' id='word_1_157' title='bbox 1923 2650 2368 2714; x_wconf 88' lang='lat' dir='ltr'><strong>caesaristae</strong></span> <span class='ocrx_word' id='word_1_158' title='bbox 2405 2651 2664 2713; x_wconf 89' lang='lat' dir='ltr'><strong>contra</strong></span> <span class='ocrx_word' id='word_1_159' title='bbox 2695 2649 2952 2731; x_wconf 77' lang='lat' dir='ltr'><strong>Juridi-</strong></span> 
     </span>
     <span class='ocr_line' id='line_1_25' title="bbox 698 2756 2958 2839; baseline 0 -15"><span class='ocrx_word' id='word_1_160' title='bbox 698 2776 860 2825; x_wconf 89' lang='lat' dir='ltr'><strong>cam</strong></span> <span class='ocrx_word' id='word_1_161' title='bbox 891 2758 1267 2824; x_wconf 84' lang='lat' dir='ltr'><strong>Ecclesiae</strong></span> <span class='ocrx_word' id='word_1_162' title='bbox 1300 2759 1641 2821; x_wconf 88' lang='lat' dir='ltr'><strong>naturam</strong></span> <span class='ocrx_word' id='word_1_163' title='bbox 1677 2760 1898 2839; x_wconf 86' lang='lat' dir='ltr'><strong>atque</strong></span> <span class='ocrx_word' id='word_1_164' title='bbox 1933 2756 2257 2823; x_wconf 90' lang='lat' dir='ltr'><strong>divinam</strong></span> <span class='ocrx_word' id='word_1_165' title='bbox 2308 2758 2464 2839; x_wconf 90' lang='lat' dir='ltr'><strong>ejus</strong></span> <span class='ocrx_word' id='word_1_166' title='bbox 2499 2758 2958 2824; x_wconf 86' lang='lat' dir='ltr'><strong>constitutio-</strong></span> 
     </span>
     <span class='ocr_line' id='line_1_26' title="bbox 696 2864 1784 2947; baseline -0.004 -16"><span class='ocrx_word' id='word_1_167' title='bbox 696 2882 863 2931; x_wconf 91' lang='lat' dir='ltr'><strong>nem</strong></span> <span class='ocrx_word' id='word_1_168' title='bbox 896 2864 1224 2947; x_wconf 82' lang='lat' dir='ltr'><strong>practice</strong></span> <span class='ocrx_word' id='word_1_169' title='bbox 1256 2865 1784 2928; x_wconf 87' lang='lat' dir='ltr'><strong>sustentarunt.</strong></span> 
     </span>
    </p>

    <p class='ocr_par' dir='ltr' id='par_1_5' title="bbox 696 2962 2960 3577">
     <span class='ocr_line' id='line_1_27' title="bbox 872 2962 2956 3055; baseline 0 -19"><span class='ocrx_word' id='word_1_170' title='bbox 872 2971 984 3036; x_wconf 83' lang='lat'><strong>36.</strong></span> <span class='ocrx_word' id='word_1_171' title='bbox 1081 2968 1351 3051; x_wconf 80' lang='lat' dir='ltr'><strong>Quaeri</strong></span> <span class='ocrx_word' id='word_1_172' title='bbox 1399 2970 1586 3034; x_wconf 84' lang='lat' dir='ltr'><strong>solet</strong></span> <span class='ocrx_word' id='word_1_173' title='bbox 1634 2988 1730 3033; x_wconf 87' lang='lat' dir='ltr'><strong>an</strong></span> <span class='ocrx_word' id='word_1_174' title='bbox 1783 2970 1878 3034; x_wconf 89' lang='lat' dir='ltr'><strong>sit</strong></span> <span class='ocrx_word' id='word_1_175' title='bbox 1926 2968 2314 3045; x_wconf 79' lang='lat' dir='ltr'><strong>discrimen</strong></span> <span class='ocrx_word' id='word_1_176' title='bbox 2360 2971 2549 3036; x_wconf 91' lang='lat' dir='ltr'><strong>inter</strong></span> <span class='ocrx_word' id='word_1_177' title='bbox 2611 2962 2956 3055; x_wconf 86' lang='lat' dir='ltr'><strong>Discipli-</strong></span> 
     </span>
     <span class='ocr_line' id='line_1_28' title="bbox 696 3076 2960 3161; baseline 0.001 -18"><span class='ocrx_word' id='word_1_178' title='bbox 696 3097 864 3144; x_wconf 89' lang='lat' dir='ltr'><strong>nam</strong></span> <span class='ocrx_word' id='word_1_179' title='bbox 901 3078 1494 3143; x_wconf 85' lang='lat' dir='ltr'><strong>Ecclesiasticam</strong></span> <span class='ocrx_word' id='word_1_180' title='bbox 1532 3080 1603 3141; x_wconf 88' lang='lat' dir='ltr'><strong>et</strong></span> <span class='ocrx_word' id='word_1_181' title='bbox 1636 3077 1680 3142; x_wconf 87' lang='lat' dir='ltr'><strong>J</strong></span> <span class='ocrx_word' id='word_1_182' title='bbox 1689 3096 1768 3142; x_wconf 89' lang='lat' dir='ltr'><strong>us</strong></span> <span class='ocrx_word' id='word_1_183' title='bbox 1806 3076 2274 3143; x_wconf 89' lang='lat' dir='ltr'><strong>Canonicum:</strong></span> <span class='ocrx_word' id='word_1_184' title='bbox 2314 3083 2392 3143; x_wconf 88' lang='lat' dir='ltr'><strong>ut</strong></span> <span class='ocrx_word' id='word_1_185' title='bbox 2441 3080 2796 3161; x_wconf 87' lang='lat' dir='ltr'><strong>ejusmodi</strong></span> <span class='ocrx_word' id='word_1_186' title='bbox 2851 3080 2960 3145; x_wconf 89' lang='lat' dir='ltr'><strong>in-</strong></span> 
     </span>
     <span class='ocr_line' id='line_1_29' title="bbox 698 3165 2947 3270; baseline 0 -18"><span class='ocrx_word' id='word_1_187' title='bbox 698 3186 1179 3268; x_wconf 89' lang='lat' dir='ltr'><strong>terrogationi</strong></span> <span class='ocrx_word' id='word_1_188' title='bbox 1211 3185 1458 3251; x_wconf 86' lang='lat' dir='ltr'><strong>brevis</strong></span> <span class='ocrx_word' id='word_1_189' title='bbox 1494 3190 1566 3250; x_wconf 90' lang='lat' dir='ltr'><strong>et</strong></span> <span class='ocrx_word' id='word_1_190' title='bbox 1602 3165 2072 3268; x_wconf 76' lang='lat' dir='ltr'><strong>cathegorica</strong></span> <span class='ocrx_word' id='word_1_191' title='bbox 2109 3188 2486 3269; x_wconf 86' lang='lat' dir='ltr'><strong>responsio</strong></span> <span class='ocrx_word' id='word_1_192' title='bbox 2522 3186 2947 3270; x_wconf 88' lang='lat' dir='ltr'><strong>cohaereat,</strong></span> 
     </span>
     <span class='ocr_line' id='line_1_30' title="bbox 696 3292 2957 3379; baseline -0 -18"><span class='ocrx_word' id='word_1_193' title='bbox 696 3292 1137 3361; x_wconf 90' lang='lat' dir='ltr'><strong>monendum</strong></span> <span class='ocrx_word' id='word_1_194' title='bbox 1171 3292 1497 3373; x_wconf 84' lang='lat' dir='ltr'><strong>ducimus</strong></span> <span class='ocrx_word' id='word_1_195' title='bbox 1523 3292 1715 3357; x_wconf 89' lang='lat' dir='ltr'><strong>hanc</strong></span> <span class='ocrx_word' id='word_1_196' title='bbox 1741 3295 2322 3359; x_wconf 84' lang='lat' dir='ltr'><strong>controversiam</strong></span> <span class='ocrx_word' id='word_1_197' title='bbox 2349 3294 2712 3377; x_wconf 89' lang='lat' dir='ltr'><strong>duplicem</strong></span> <span class='ocrx_word' id='word_1_198' title='bbox 2744 3312 2957 3379; x_wconf 89' lang='lat' dir='ltr'><strong>aspe-</strong></span> 
     </span>
     <span class='ocr_line' id='line_1_31' title="bbox 697 3399 2956 3485; baseline -0 -16"><span class='ocrx_word' id='word_1_199' title='bbox 697 3405 892 3469; x_wconf 88' lang='lat' dir='ltr'><strong>ctum</strong></span> <span class='ocrx_word' id='word_1_200' title='bbox 938 3400 1423 3484; x_wconf 86' lang='lat' dir='ltr'><strong>praeseferre,</strong></span> <span class='ocrx_word' id='word_1_201' title='bbox 1466 3399 1948 3467; x_wconf 87' lang='lat' dir='ltr'><strong>doctrinalem</strong></span> <span class='ocrx_word' id='word_1_202' title='bbox 2011 3419 2298 3485; x_wconf 90' lang='lat' dir='ltr'><strong>nempe,</strong></span> <span class='ocrx_word' id='word_1_203' title='bbox 2337 3407 2556 3485; x_wconf 88' lang='lat' dir='ltr'><strong>atque</strong></span> <span class='ocrx_word' id='word_1_204' title='bbox 2611 3402 2956 3469; x_wconf 81' lang='lat' dir='ltr'><strong>scientifi-</strong></span> 
     </span>
     <span class='ocr_line' id='line_1_32' title="bbox 698 3527 886 3577; baseline -0.016 0"><span class='ocrx_word' id='word_1_205' title='bbox 698 3527 886 3577; x_wconf 90' lang='lat' dir='ltr'><strong>cum.</strong></span> 
     </span>
    </p>

    <p class='ocr_par' dir='ltr' id='par_1_6' title="bbox 695 3614 2961 4350">
     <span class='ocr_line' id='line_1_33' title="bbox 874 3614 2952 3702; baseline 0 -20"><span class='ocrx_word' id='word_1_206' title='bbox 874 3615 1180 3682; x_wconf 87' lang='lat' dir='ltr'><strong>Ratione</strong></span> <span class='ocrx_word' id='word_1_207' title='bbox 1207 3614 1587 3698; x_wconf 75' lang='lat' dir='ltr'><strong>doctrinae,</strong></span> <span class='ocrx_word' id='word_1_208' title='bbox 1615 3614 2049 3697; x_wconf 87' lang='lat' dir='ltr'><strong>Disciplina,</strong></span> <span class='ocrx_word' id='word_1_209' title='bbox 2088 3615 2131 3680; x_wconf 87' lang='lat' dir='ltr'><strong>J</strong></span> <span class='ocrx_word' id='word_1_210' title='bbox 2137 3632 2243 3696; x_wconf 73' lang='lat' dir='ltr'><strong>ue,</strong></span> <span class='ocrx_word' id='word_1_211' title='bbox 2303 3616 2490 3681; x_wconf 91' lang='lat' dir='ltr'><strong>sicut</strong></span> <span class='ocrx_word' id='word_1_212' title='bbox 2524 3615 2952 3702; x_wconf 84' lang='lat' dir='ltr'><strong>Theologia,</strong></span> 
     </span>
     <span class='ocr_line' id='line_1_34' title="bbox 695 3720 2956 3807; baseline -0.001 -18"><span class='ocrx_word' id='word_1_213' title='bbox 695 3722 1049 3807; x_wconf 89' lang='lat' dir='ltr'><strong>Liturgia,</strong></span> <span class='ocrx_word' id='word_1_214' title='bbox 1088 3725 1573 3803; x_wconf 83' lang='lat' dir='ltr'><strong>caeteraeque</strong></span> <span class='ocrx_word' id='word_1_215' title='bbox 1622 3720 2069 3804; x_wconf 87' lang='lat' dir='ltr'><strong>propagines</strong></span> <span class='ocrx_word' id='word_1_216' title='bbox 2119 3738 2207 3785; x_wconf 89' lang='lat' dir='ltr'><strong>ac</strong></span> <span class='ocrx_word' id='word_1_217' title='bbox 2261 3721 2560 3803; x_wconf 91' lang='lat' dir='ltr'><strong>surculi,</strong></span> <span class='ocrx_word' id='word_1_218' title='bbox 2625 3722 2956 3787; x_wconf 86' lang='lat' dir='ltr'><strong>saecula-</strong></span> 
     </span>
     <span class='ocr_line' id='line_1_35' title="bbox 695 3827 2958 3912; baseline -0 -16"><span class='ocrx_word' id='word_1_219' title='bbox 695 3848 849 3896; x_wconf 89' lang='lat' dir='ltr'><strong>rem</strong></span> <span class='ocrx_word' id='word_1_220' title='bbox 875 3832 947 3893; x_wconf 88' lang='lat' dir='ltr'><strong>et</strong></span> <span class='ocrx_word' id='word_1_221' title='bbox 979 3828 1352 3894; x_wconf 86' lang='lat' dir='ltr'><strong>robustam</strong></span> <span class='ocrx_word' id='word_1_222' title='bbox 1378 3829 1717 3893; x_wconf 87' lang='lat' dir='ltr'><strong>arborem</strong></span> <span class='ocrx_word' id='word_1_223' title='bbox 1749 3827 2174 3893; x_wconf 89' lang='lat' dir='ltr'><strong>eruditionis</strong></span> <span class='ocrx_word' id='word_1_224' title='bbox 2201 3845 2461 3893; x_wconf 89' lang='lat' dir='ltr'><strong>sacrae</strong></span> <span class='ocrx_word' id='word_1_225' title='bbox 2501 3828 2958 3912; x_wconf 86' lang='lat' dir='ltr'><strong>notitiaeque</strong></span> 
     </span>
     <span class='ocr_line' id='line_1_36' title="bbox 698 3936 2958 4021; baseline -0 -16"><span class='ocrx_word' id='word_1_226' title='bbox 698 3937 1249 4005; x_wconf 88' lang='lat' dir='ltr'><strong>ecclesiasticae</strong></span> <span class='ocrx_word' id='word_1_227' title='bbox 1284 3936 1835 4017; x_wconf 84' lang='lat' dir='ltr'><strong>constituentes,</strong></span> <span class='ocrx_word' id='word_1_228' title='bbox 1874 3939 2026 4001; x_wconf 90' lang='lat' dir='ltr'><strong>tum</strong></span> <span class='ocrx_word' id='word_1_229' title='bbox 2079 3936 2172 4000; x_wconf 91' lang='lat' dir='ltr'><strong>ad</strong></span> <span class='ocrx_word' id='word_1_230' title='bbox 2209 3936 2522 4020; x_wconf 86' lang='lat' dir='ltr'><strong>pristina</strong></span> <span class='ocrx_word' id='word_1_231' title='bbox 2577 3937 2958 4021; x_wconf 84' lang='lat' dir='ltr'><strong>religionis</strong></span> 
     </span>
     <span class='ocr_line' id='line_1_37' title="bbox 700 4044 2961 4130; baseline 0 -19"><span class='ocrx_word' id='word_1_232' title='bbox 700 4047 1156 4130; x_wconf 88' lang='lat' dir='ltr'><strong>propagatae</strong></span> <span class='ocrx_word' id='word_1_233' title='bbox 1190 4048 1523 4126; x_wconf 83' lang='lat' dir='ltr'><strong>tempora</strong></span> <span class='ocrx_word' id='word_1_234' title='bbox 1556 4046 1972 4126; x_wconf 89' lang='lat' dir='ltr'><strong>assurgunt,</strong></span> <span class='ocrx_word' id='word_1_235' title='bbox 2010 4046 2162 4109; x_wconf 89' lang='lat' dir='ltr'><strong>tum</strong></span> <span class='ocrx_word' id='word_1_236' title='bbox 2223 4044 2444 4109; x_wconf 85' lang='lat' dir='ltr'><strong>etiam</strong></span> <span class='ocrx_word' id='word_1_237' title='bbox 2501 4063 2961 4113; x_wconf 89' lang='lat' dir='ltr'><strong>communem</strong></span> 
     </span>
     <span class='ocr_line' id='line_1_38' title="bbox 699 4150 2954 4237; baseline -0.001 -17"><span class='ocrx_word' id='word_1_238' title='bbox 699 4157 772 4220; x_wconf 88' lang='lat' dir='ltr'><strong>et</strong></span> <span class='ocrx_word' id='word_1_239' title='bbox 802 4151 1288 4217; x_wconf 88' lang='lat' dir='ltr'><strong>firmissimam</strong></span> <span class='ocrx_word' id='word_1_240' title='bbox 1320 4150 1644 4216; x_wconf 88' lang='lat' dir='ltr'><strong>radicem</strong></span> <span class='ocrx_word' id='word_1_241' title='bbox 1693 4151 1988 4234; x_wconf 89' lang='lat' dir='ltr'><strong>habent,</strong></span> <span class='ocrx_word' id='word_1_242' title='bbox 2045 4152 2418 4236; x_wconf 87' lang='lat' dir='ltr'><strong>videlicet,</strong></span> <span class='ocrx_word' id='word_1_243' title='bbox 2473 4150 2954 4237; x_wconf 87' lang='lat' dir='ltr'><strong>Scripturam,</strong></span> 
     </span>
     <span class='ocr_line' id='line_1_39' title="bbox 703 4258 2958 4350; baseline 0.002 -23"><span class='ocrx_word' id='word_1_244' title='bbox 703 4259 1229 4343; x_wconf 86' lang='lat' dir='ltr'><strong>Traditionem,</strong></span> <span class='ocrx_word' id='word_1_245' title='bbox 1256 4258 1555 4325; x_wconf 89' lang='lat' dir='ltr'><strong>Patrum</strong></span> <span class='ocrx_word' id='word_1_246' title='bbox 1587 4260 2028 4344; x_wconf 86' lang='lat' dir='ltr'><strong>testimonia,</strong></span> <span class='ocrx_word' id='word_1_247' title='bbox 2067 4259 2556 4327; x_wconf 89' lang='lat' dir='ltr'><strong>Conciliorum</strong></span> <span class='ocrx_word' id='word_1_248' title='bbox 2603 4280 2958 4350; x_wconf 86' lang='lat' dir='ltr'><strong>canones,</strong></span> 
     </span>
    </p>
   </div>
  </div>
 </body>
</html>
