3332 5100
1284 325 1640 389 -337—

1092 540 1649 618 APPENDIX
1698 540 1823 616 III

604 758 1039 872 Constitutin
1090 738 1494 897 dogmatica
1543 758 1627 871 dn
1679 758 2004 873 Euulnsii
2055 662 2327 872 christi

340 1038 535 1102 PIUS
563 1040 955 1119 Episcopus,
977 1056 1203 1100 servus
1223 1055 1563 1099 servorum
1583 1040 1730 1114 Dei,
1765 1056 1952 1099 sacro
1983 1040 2388 1118 approbante
2423 1034 2586 1099 Gon·

826 1121 998 1198 cilio,
1028 1123 1117 1180 ad
1135 1125 1532 1200 perpetuam
1558 1122 1655 1179 rei
1685 1122 2087 1181 memoriam.

504 1281 744 1341 Pastor
774 1286 1090 1341 aeternus
1130 1286 1197 1339 et
1244 1281 1616 1357 Episcopus
1647 1281 2024 1341 animarum
2069 1285 2480 1351 nostrarum,
2513 1282 2588 1337 ut

344 1362 769 1422 salutiferum
800 1362 1285 1435 redemptionis
1308 1378 1470 1421 suae
1508 1377 1672 1436 opus
1697 1377 1993 1435 perenne
2022 1362 2361 1433 redderet,
2396 1373 2588 1419 sanc-

344 1450 483 1502 tam
512 1443 877 1501 aedificare
900 1442 1286 1501 Ecclesiam
1338 1442 1668 1514 decrevit,
1702 1444 1772 1500 in
1821 1458 1954 1516 qua
2009 1442 2225 1501 veluti
2279 1441 2350 1499 in
2391 1439 2586 1498 domo

341 1524 468 1583 Dei
498 1523 816 1596 viventis,
850 1523 1082 1581 fideles
1115 1538 1344 1581 omnes
1375 1523 1575 1581 unius
1624 1522 1784 1580 fidei
1813 1528 1880 1581 et
1909 1522 2262 1597 charitatis
2313 1520 2588 1579 vinculo

343 1604 875 1663 continerentur.
906 1602 1351 1677 Quapropter,
1403 1604 1798 1677 priusquam
1849 1603 2362 1676 clarificaretur,
2394 1616 2590 1676 roga-

343 1684 444 1745 vit
494 1684 789 1757 Patrem,
848 1700 983 1742 non
1037 1699 1156 1759 pro
1215 1684 1552 1758 Apostolis
1588 1690 1871 1755 tantum,
1907 1684 2027 1742 sed
2071 1690 2138 1741 et
2175 1698 2293 1757 pro
2325 1682 2443 1758 eis,
2473 1680 2590 1757 qui

344 1765 673 1824 credituri
704 1769 899 1823 erant
927 1780 1047 1839 per
1070 1765 1353 1823 verbum
1384 1778 1614 1823 eorum
1650 1764 1722 1821 in
1751 1763 1992 1837 ipsum,
2027 1769 2101 1822 ut
2131 1778 2360 1822 omnes
2384 1776 2589 1820 unum

342 1851 589 1917 essent,
627 1844 967 1918 sicutipse
992 1844 1204 1903 Filius
1234 1851 1300 1902 et
1332 1844 1531 1902 Pater
1553 1859 1762 1904 unum
1795 1850 1952 1903 sunt
1997 1843 2114 1923 (1).
2150 1841 2587 1917 Quemadmo-

344 1927 505 1985 dum
533 1925 743 1998 igitur
780 1924 1155 1999 Apostolos,
1213 1940 1380 1998 quos
1422 1924 1554 1983 sibi
1600 1925 1684 1983 de
1733 1924 1982 1983 mundo
2035 1924 2360 2000 elegerat,
2409 1922 2592 1981 mIsit

348 2005 694 2080 sicutipse
724 2005 966 2064 missus
999 2013 1147 2064 erat
1176 2009 1217 2062 a
1264 2004 1489 2079 Patreg
1522 2005 1616 2063 ita
1644 2005 1716 2063 in
1759 2004 2069 2063 Ecclesia
2106 2020 2227 2065 sua
2278 2004 2591 2063 Pastores

346 2092 417 2144 et
445 2086 774 2145 Doctores
798 2100 1013 2159 usque
1046 2086 1133 2143 ad
1176 2085 1820 2147 consummationem
1872 2086 2129 2144 saeculi
2160 2099 2309 2144 esse
2351 2082 2588 2143 voluit.

345 2167 437 2227 Ut
465 2182 629 2224 vero
676 2166 1105 2243 episcopatus
1133 2165 1279 2240 ipse
1310 2182 1483 2225 unus
1513 2172 1580 2225 et
1608 2165 1942 2224 indivisus
1987 2171 2188 2239 esset,
2224 2171 2293 2223 et
2322 2176 2442 2238 per
2487 2178 2594 2223 co-

343 2248 709 2305 haerentes
768 2246 900 2304 sibi
958 2246 1254 2306 invicem
1304 2247 1694 2305 sacerdotes
1758 2246 2178 2305 credentium
2235 2244 2594 2303 multitudo

344 2328 671 2386 universa
728 2326 798 2384 in
856 2326 1013 2385 fidei
1070 2333 1138 2385 et
1191 2328 1679 2386 communionis
1733 2327 1996 2387 unitate
2044 2330 2588 2397 conservaretur,

342 2409 623 2466 beatum
651 2405 923 2465 Petrum
949 2408 1240 2466 caeteris
1272 2408 1608 2481 Apostolis
1639 2422 2084 2481 praeponens,
2119 2407 2189 2465 in
2220 2406 2360 2480 ipso
2404 2405 2592 2463 insti·

342 2488 475 2547 tuit
530 2493 930 2563 perpetuum
979 2488 1331 2562 utriusque
1389 2488 1668 2548 unitatis
1724 2487 2128 2562 principium
2189 2502 2272 2545 ac
2321 2485 2592 2543 visibile

345 2569 885 2641 fundamentum,
922 2584 1124 2643 super
1154 2571 1348 2643 cujus
1396 2568 1863 2629 fortitudinem
1905 2576 2257 2627 aeternum
2291 2574 2592 2626 exstrue-

343 2657 535 2708 retur
581 2649 923 2724 templum,
963 2656 1030 2707 et
1073 2648 1422 2708 Ecclesiae
1454 2651 1640 2708 coelo
1694 2648 2051 2708 inferenda
2099 2647 2478 2707 sublimitas
2521 2648 2592 2705 in

344 2731 549 2804 hujus
581 2729 739 2787 fidei
774 2729 1090 2788 firmitate
1124 2735 1566 2806 consurgeret
1610 2729 1727 2808 (2).
1773 2730 1857 2786 Et
1885 2728 2202 2804 quoniam
2231 2736 2467 2803 portae
2495 2727 2591 2786 in·

342 2811 480 2868 feri
510 2810 597 2867 ad
627 2811 1089 2882 evertendam,
1146 2811 1203 2868 si
1246 2811 1395 2869 fieri
1440 2817 1688 2886 posset,
1745 2809 2122 2868 Ecclesiam
2165 2817 2401 2868 contra
2445 2809 2593 2883 ejus

348 2890 867 2949 fundamentum
892 2890 1217 2950 divinitus
1248 2892 1537 2966 positum
1568 2891 1809 2965 majori
1832 2890 1907 2951 in
1929 2891 2074 2948 dies
2115 2889 2266 2948 odio
2296 2889 2595 2962 undique

344 2971 734 3045 insurgunt:
766 2970 900 3029 Nos
932 2971 1020 3028 ad
1077 2971 1396 3030 catholici
1445 2973 1676 3047 gregis
1726 2972 2122 3045 custodiam,
2174 2969 2590 3028 incolumita-

343 3058 508 3124 tem,
543 3057 1001 3124 augmentum‚
1036 3067 1229 3110 sacro
1282 3054 1701 3126 approbante
1754 3049 2074 3124 Concili0,
2134 3049 2595 3109 necessarium

346 3147 500 3192 esse
524 3131 932 3206 jndicamuS,
967 3132 1346 3191 doctrinam
1378 3134 1461 3191 de
1508 3131 1952 3205 institutione,
2001 3130 2474 3206 perpetuitate,
2510 3146 2593 3188 ac

344 3221 594 3272 natura
626 3212 805 3271 sacri
835 3213 1205 3286 Apostolici
1237 3214 1588 3288 primatus,
1618 3213 1687 3270 in
1716 3229 1844 3286 quo
1876 3212 2078 3272 totius
2109 3211 2459 3270 Ecclesiae
2488 3211 2594 3269 vis

345 3309 431 3351 ac
465 3292 769 3351 soliditas
801 3293 1128 3366 consistit,
1165 3293 1429 3353 cunctis
1460 3293 1774 3351 fidelibus
1805 3291 2220 3352 credendam
2266 3297 2333 3349 et
2365 3298 2594 3350 tenen-

328 3373 534 3446 dam,
593 3373 968 3433 secundum
1034 3374 1386 3446 antiquam
1447 3381 1651 3447 atque
1709 3380 2130 3432 constantem
2186 3371 2593 3432 universalis

347 3453 701 3512 Ecclesiae
731 3453 953 3527 fidem,
982 3469 1378 3528 proponere,
1409 3460 1610 3527 atque
1635 3454 2012 3512 contrarios
2036 3453 2371 3512 dominico
2397 3453 2595 3529 gregi

352 3535 526 3593 adeo
550 3534 965 3608 perniciosos
990 3549 1253 3594 errores
1280 3535 1706 3611 proscribere
1738 3542 1805 3593 et
1828 3535 2300 3594 condemnare.

1274 3713 1557 3776 CAPUT
1610 3715 1664 3774 Ι.

553 3833 653 3892 De
682 3831 1042 3910 Apostolici
1062 3832 1403 3910 primatus
1433 3833 1508 3891 in
1530 3833 1711 3891 beato
1743 3832 1930 3890 Petro
1956 3829 2392 3889 institutione.

517 3991 851 4051 Docemus
881 3992 1110 4066 itaque
1143 3997 1209 4050 et
1264 3993 1712 4063 declaramus,
1753 3992 1954 4065 juxta
2008 3989 2365 4064 Evangelii
2413 3988 2596 4047 testi·

250 4063 258 4070 ’
360 4073 607 4146 monia,
643 4073 1001 4147 primatum
1019 4073 1512 4146 jurisdictionis
1543 4073 1612 4131 in
1642 4072 2032 4132 universam
2051 4070 2178 4130 Dei
2220 4069 2597 4130 Ecclesiam

508 4235 583 4300 (1)
656 4231 826 4288 Joan.
848 4233 1039 4286 XVII.
1066 4235 1115 4287 1.
1142 4236 1226 4286 20.
1248 4250 1331 4300 sq.

513 4304 591 4375 (2)
667 4302 725 4359 S.
750 4305 866 4358 Leo
894 4304 975 4359 M.
1001 4320 1171 4360 serm.
1193 4305 1279 4360 IV
1306 4306 1380 4370 (al
1406 4306 1526 4375 111),
1553 4319 1676 4372 cap.
1702 4310 1752 4361 2.
1770 4306 1831 4358 in
1857 4304 2010 4359 diem
2032 4304 2241 4404 natalis
2265 4301 2372 4358 sui.
2460 4373 2527 4425 23
