3332 5100
1289 364 1607 426 ...65-

332 513 459 590 est,
496 509 765 593 quippe
796 527 985 594 quae
1020 526 1117 576 ex
1155 510 1321 595 ipsa
1354 510 1539 595 legis
1575 510 2131 577 universalitate
2164 516 2238 577 et
2269 512 2563 579 firmita-

330 620 399 681 te
432 618 735 699 oriatur;
772 618 977 683 nulla
1009 619 1201 683 enim
1227 619 1351 683 lex
1384 637 1430 682 a
1453 636 1909 702 quocumque
1935 619 2358 702 legislatore
2387 621 2565 687 ferri

328 728 591 807 potest,
630 743 821 808 quae
846 725 1028 791 adeo
1066 726 1273 791 clara
1308 729 1382 791 et
1416 726 1729 820 provida
1757 726 2047 811 evadat,
2087 731 2163 791 ut
2194 744 2406 793 omne
2441 728 2563 794 du-

330 831 521 895 bium
556 832 843 927 penitus
887 832 1233 897 excludat
1264 837 1337 896 et
1372 832 1652 899 cunctis
1720 833 2216 915 peculiaribus
2273 836 2566 901 casibus

328 939 607 1023 pariter
638 943 715 1003 et
745 940 949 1005 recte
982 941 1223 1023 aptari
1258 944 1501 1024 queat.
1559 940 1943 1007 Rationem
1991 960 2121 1007 seu
2183 942 2562 1019 motivum,

329 1048 401 1112 in
437 1066 579 1130 quo
612 1047 873 1129 legalis
908 1048 1536 1131 interpretationis
1570 1050 1974 1115 necessitas
2031 1050 2353 1134 fulcitur,
2389 1068 2565 1134 pau-

328 1154 429 1219 cis
454 1155 585 1219 sed
609 1155 997 1219 luculentis
1022 1155 1269 1219 verbis
1298 1157 1634 1237 exposuit
1658 1156 2034 1220 Zallwein:
2071 1154 2288 1221 “Cum
2317 1175 2568 1223 omnes

330 1263 561 1327 ferme
593 1264 819 1345 leges,
858 1263 963 1327 ait
992 1262 1247 1327 doctus
1278 1263 1683 1345 canonista,
1721 1262 1866 1326 sint
1897 1263 2201 1345 regulae
2264 1280 2564 1346 genera-

328 1369 457 1452 les,
490 1373 563 1433 et
596 1370 1005 1453 imposibile
1038 1370 1135 1433 sit
1166 1370 1404 1453 legem
1440 1371 1635 1435 ferre
1669 1370 1774 1435 ita
1808 1370 2110 1453 claram,
2150 1388 2338 1453 quae
2363 1372 2568 1435 nulla

329 1482 552 1558 egeat
576 1476 1205 1560 interpretatione,
1244 1481 1369 1541 aut
1398 1476 1500 1541 ita
1534 1477 2055 1559 universalem,
2087 1482 2164 1541 ut
2197 1478 2291 1543 ad
2317 1495 2568 1543 omnes

328 1600 543 1647 casus
571 1584 645 1647 in
673 1584 903 1649 sacris
931 1589 1427 1667 occurrenteS,
1466 1602 1645 1667 quos
1693 1585 1938 1649 nullus
1961 1585 2340 1667 legislator
2357 1602 2567 1668 prae·

326 1689 583 1754 videre
617 1693 876 1773 potest,
912 1690 1274 1773 applicari
1339 1708 1413 1755 et
1473 1691 1769 1755 extendi
1832 1692 2108 1770 valeat,
2177 1710 2358 1773 opus
2423 1691 2566 1757 erit

327 1796 646 1879 quadam
677 1796 1091 1880 prudentia,
1123 1816 1267 1881 qua
1294 1797 1657 1863 mediante
1691 1799 1892 1881 leges
1927 1817 2074 1864 non
2103 1800 2339 1864 solum
2365 1800 2568 1864 recte

324 1905 853 1988 intelligantur,
916 1904 1046 1969 sed
1104 1908 1177 1969 et
1241 1906 1335 1969 ad
1384 1907 1710 1971 actiones
1765 1905 2132 1971 hominum
2195 1906 2569 1990 sapienter

325 2012 816 2095 applicentur,
847 2018 919 2077 et
952 2012 1046 2077 ad
1077 2030 1290 2079 casus
1318 2014 1387 2077 in
1426 2014 1710 2096 legibus
1742 2032 1890 2078 non
1925 2032 2316 2098 expressos
2365 2015 2568 2098 justa

321 2120 934 2203 interpretatione
970 2121 1503 2206 extendantur„
1540 2120 1660 2206 (1.).

502 2228 613 2292 57.
708 2227 1081 2309 Ejusmodi
1114 2228 1503 2311 prudentia
1537 2229 1957 2311 explicandi
1991 2229 2566 2313 applicandique

316 2336 505 2417 juris
538 2335 725 2399 solet
749 2335 1326 2419 jurisprudentia
1392 2337 1827 2418 nuncupari,
1855 2340 1930 2401 et
1963 2354 2125 2402 cum
2143 2335 2390 2418 Soglia
2413 2355 2568 2402 rec-

323 2444 397 2508 te
430 2442 723 2507 definiri
754 2446 1022 2527 potest:
1050 2444 1382 2509 Facultas
1410 2445 1554 2509 sive
1586 2444 1863 2509 habitas
1915 2445 2417 2511 ecclesiasticas
2477 2446 2567 2511 le-

324 2573 440 2637 yes
474 2553 1005 2637 interpretandi,
1043 2574 1288 2637 easque
1321 2555 1456 2619 rit&
1490 2555 1585 2618 ad
1616 2562 2051 2623 occurrentes
2083 2575 2287 2620 casus
2341 2553 2568 2640 appli-

324 2660 563 2724 candi.
603 2658 725 2724 Uti
758 2675 852 2723 ex
915 2658 1145 2723 allata
1208 2658 1631 2723 definitione
1692 2660 1993 2744 eruitur,
2059 2659 2565 2725 ecclesiastica

317 2765 921 2848 jurisprudentia,
958 2767 1020 2830 si
1083 2782 1384 2849 scopum
1437 2766 1575 2830 sibi
1613 2767 2139 2848 {praestitutum
2202 2767 2569 2849 attingere

322 2873 533 2954 velit,
560 2873 843 2955 ‘duplici
870 2874 1110 2938 officio
1144 2890 1273 2938 seu
1308 2874 1591 2938 muneri
1623 2874 2042 2940 incumbere
2077 2875 2317 2954 debet,
2361 2892 2557 2938 nem-

322 2995 441 3060 pe,
471 2978 756 3060 legibus
801 2978 1119 3043 scienter
1152 2981 1734 3065 interpretandi&
1779 2985 2001 3065 atque
2033 2982 2289 3046 iisdem
2324 2980 2416 3045 ad
2452 2997 2565 3044 ca-

323 3101 445 3148 sus
480 3084 959 3150 obvenientes
986 3085 1185 3166 juste
1218 3087 1693 3170 applicandis.

500 3191 615 3256 58.
714 3190 892 3256 Cum
953 3191 1463 3275 interpretatio
1532 3195 1942 3276 generatim
2003 3195 2293 3276 sumpta
2386 3193 2572 3258 nihil

325 3296 526 3361 aliud
550 3298 643 3362 sit
707 3303 927 3382 quam
956 3302 1105 3365 veri
1162 3308 1224 3365 et
1254 3301 1535 3386 yenuini
1568 3322 1808 3366 sensus
1874 3303 2177 3388 alicujus
2234 3301 2572 3365 sermonis

326 3406 783 3490 investiqatio,
820 3407 1061 3488 legum
1096 3408 1605 3490 interpretatio
1636 3410 1933 3492 proprie
1963 3408 2105 3473 dici
2133 3410 2396 3490 potest:
2425 3407 2570 3472 Ex-

317 3512 643 3594 planatio
676 3513 825 3576 veri
853 3519 917 3577 et
944 3515 1227 3598 yenuini
1259 3535 1497 3579 sensas
1530 3516 1605 3580 in
1640 3517 1880 3600 aliqua
1905 3516 2048 3600 leye
2113 3516 2404 3580 obscura
2465 3513 2572 3578 vel

327 3620 651 3703 ambiqua
712 3623 1038 3702 cernenti,-
1083 3620 1345 3686 exinde
1410 3621 1687 3688 Tullius
1751 3623 2007 3706 inquit:
2080 3620 2292 3703 “quia
2357 3623 2571 3684 erant

330 3726 556 3789 multa
590 3727 926 3808 obscura,
995 3729 1223 3792 multa
1269 3729 1635 3812 ambigua,
1676 3729 2232 3814 explanationes
2296 3725 2570 3790 adhibi-

328 3834 447 3896 tae
484 3837 653 3898 sunt
675 3834 1196 3921 interpretum„
1238 3837 1359 3918 (2).

472 4223 551 4292 (1)
621 4221 810 4276 Pm'nc.
834 4221 961 4276 Jur.
990 4221 1140 4278 Eccl.
1167 4227 1290 4280 tom.
1324 4223 1375 4290 I,
1400 4240 1449 4292 q.
1475 4227 1535 4293 2,
1558 4241 1677 4294 cap.
1704 4225 1740 4277 3

481 4299 555 4364 (2)
630 4292 755 4348 Lib.
780 4294 812 4348 1
838 4293 903 4348 de
925 4293 1056 4351 Div.
