3332 5100
115 4201 126 4282 ,im
111 4045 138 4193 ng-m
109 3929 114 4030 --.-,.
107 3903 110 3910 .

117 4291 138 4422 *ss'r

1643 324 1718 335 -
1763 288 1896 349 330.
1925 322 1999 336 --

707 431 983 507 18463111
1014 430 1230 493 Alloc.
1272 431 1523 503 Quibus
1550 433 1954 511 quantisque,
2007 432 2088 492 20
2116 432 2311 507 april.
2368 433 2544 508 18493
2601 432 2673 493 in
2723 430 2948 509 Epist.

705 512 987 587 Encycl.
1018 514 1310 572 Nescitis
1361 519 1420 573 et
1448 516 1822 587 Nobiscum,
1859 516 1896 573 8
1946 514 2252 573 decemb.
2292 514 2470 589 18493
2528 514 2600 573 in
2643 512 2948 574 Allocut.

708 593 1052 669 Sinqulari
1081 596 1396 671 quadam,
1433 595 1468 653 9
1500 595 1805 653 decemb.
1845 592 2022 668 '18543
2058 596 2128 653 in
2157 594 2367 669 Epist.
2395 595 2674 669 Encycl.
2715 596 2953 665 Quan-

704 678 769 731 to
790 674 1218 748 conjiciamur
1254 691 1557 749 moerore,
1596 676 1674 734 10
1700 674 1973 749 augusti
2003 675 2182 733 1863.

1044 845 1109 921 ἕ.
1156 844 1589 904 V.-—Ev·rores
1612 811 1689 903 de
1709 845 2008 903 Ecclesia
2033 845 2299 923 ejusque
2307 844 2599 921 juribus.

866 1012 1049 1074 XIX.
1135 1012 1445 1072 Ecclesia
1472 1028 1606 1073 non
1637 1017 1740 1071 est
1783 1028 1948 1072 vera
1979 1015 2422 1088 perfectaque
2466 1015 2758 1074 societas
2805 1014 2957 1089 pla·

704 1098 792 1155 ne
813 1095 1051 1167 libera,
1084 1110 1214 1153 nec
1243 1094 1453 1168 pollet
1482 1094 1620 1152 suis
1651 1093 1903 1168 propiis
1926 1100 1994 1152 et
2024 1094 2494 1154 constantibus
2531 1095 2823 1169 juribus,
2859 1094 2954 1157 si-

707 1176 779 1235 bi
801 1180 842 1235 a
871 1176 1100 1234 divino
1124 1190 1241 1234 suo
1272 1172 1658 1233 Fundatore
1691 1174 1977 1249 collatis,
2031 1175 2149 1234 sed
2198 1174 2423 1234 civilis
2453 1175 2811 1249 potestatis
2841 1180 2958 1233 est

709 1256 988 1315 definire
1015 1271 1188 1328 quae
1214 1254 1347 1313 sint
1364 1254 1713 1313 Ecclesiae
1731 1256 1888 1329 jura
1912 1271 1994 1314 ac
2016 1256 2285 1329 limites,
2313 1257 2495 1315 intra
2519 1272 2686 1330 quos
2706 1256 2955 1315 eadem

702 1338 859 1411 J’ura
889 1351 1215 1394 exercere
1246 1343 1450 1409 queat
1481 1335 1597 1413 (1).

867 1415 1019 1474 XX.
1106 1415 1588 1474 Ecclesiastico.
1624 1420 1921 1489 potestas
1952 1431 2140 1475 suam
2171 1416 2646 1476 auctoritatem
2669 1431 2956 1475 exerce·

708 1513 783 1556 re
814 1513 947 1557 non
973 1496 1177 1554 debet
1206 1497 1463 1569 absque
1494 1496 1718 1555 civilis
1745 1497 2061 1570 gubernii
2097 1496 2296 1556 venia
2328 1503 2395 1555 et
2429 1512 2714 1558 assensu
2739 1496 2804 1575 (2
2845 1540 2857 1554 .

868 1575 1048 1635 XXI.
1136 1576 1444 1635 Ecclesia
1474 1592 1608 1635 non
1655 1576 1862 1635 habet
1893 1584 2295 1650 potestatem
2344 1577 2728 1651 dogmatice
2835 1576 2956 1635 efl-

708 1657 962 1730 mendi,
996 1656 1397 1731 religionem
1448 1656 1828 1715 catholicae
1859 1656 2207 1717 Ecclesiae
2267 1672 2416 1717 esse
2449 1658 2652 1718 unice
2708 1672 2956 1717 veram

710 1738 1110 1812 religionem
1170 1738 1207 1794 3

868 1815 1089 1875 XXII.
1142 1736 1541 1891 (O)bligatio,
1581 1831 1715 1889 qua
1741 1817 2058 1876 catholici
2103 1816 2411 1892 magistri
2463 1823 2531 1876 et
2581 1816 2956 1891 scriptores

710 1898 977 1957 omnino
1012 1896 1549 1969 adstringuntur,
1591 1903 1978 1958 coarctatur
2011 1898 2081 1956 in
2110 1899 2194 1957 iis
2221 1904 2506 1971 tantum,
2536 1913 2711 1973 quae
2733 1898 2821 1955 ad
2845 1898 2958 1956 in·

710 1977 984 2036 fallibili
1014 1977 1363 2036 Ecclesiae
1390 1976 1649 2050 Judicio
1680 1977 1892 2036 veluti
1923 1979 2080 2038 fidei
2111 1979 2432 2054 dogmata
2488 1979 2577 2037 ab
2638 1977 2954 2038 omnibus

710 2057 1053 2117 credenda
1084 2063 1548 2131 proponuntur
1562 2056 1663 2135 (4)
1676 2101 1689 2114 .

872 2136 1125 2195 XXIII.
1212 2137 1497 2195 Romani
1522 2135 1882 2196 Pontifices
1910 2145 1977 2196 et
2003 2138 2294 2198 concilia
2323 2138 2757 2198 oecumenica
2811 2139 2850 2194 a
2871 2136 2958 2195 li·

712 2219 987 2278 mitibus
1012 2234 1173 2277 snae
1204 2218 1555 2291 potestatis
1585 2227 2034 2292 recesserunt,
2058 2222 2217 2294 jura
2246 2219 2636 2293 Principum
2669 2233 2959 2291 usurpa·

710 2309 890 2372 runt,
919 2305 1120 2372 atque
1154 2300 1355 2356 etiam
1386 2298 1457 2357 in
1485 2299 1687 2356 rebus
1717 2299 1876 2357 fidei
1929 2307 1994 2357 et
2028 2316 2285 2359 morum
2319 2299 2720 2358 definiendis
2767 2314 2957 2357 erra·

710 2390 867 2441 runt
892 2380 956 2455 (5
994 2424 1007 2437 .

871 2379 1117 2519 XXIV.
1210 2458 1513 2516 Ecclesia
1545 2456 1648 2516 vis
1683 2459 2083 2519 inferendae
2115 2466 2514 2536 potestatem
2559 2476 2693 2519 non
2714 2460 2952 2532 habet,

712 2557 932 2616 neque
960 2546 1362 2615 potestatem
1408 2539 1615 2598 ullam
1647 2542 2087 2617 temporalem
2119 2542 2446 2602 directam
2492 2541 2605 2601 vel
2659 2540 2956 2600 indirec-

715 2631 849 2682 tam
884 2622 1001 2699 (6).

870 2701 1083 2760 XXV.
1171 2700 1448 2758 Praeter
1498 2707 1910 2774 potestatem
1965 2701 2382 2777 episcopatui
2454 2700 2952 2775 inhaerentem,

713 2783 851 2842 alia
883 2791 985 2841 est
1012 2781 1338 2840 attributa
1363 2781 1753 2854 temporalis
1801 2789 2098 2857 potestas
2157 2786 2198 2841 a
2257 2781 2446 2842 civili
2499 2782 2779 2856 imperio
2834 2783 2958 2842 vel

714 2865 1035 2938 expresse
1058 2863 1170 2920 vel
1207 2861 1412 2920 tacite
1438 2877 1783 2936 concessa,
1818 2863 2208 2922 revocanda
2235 2870 2618 2939 propterea,
2669 2878 2821 2922 cum
2872 2862 2956 2921 li-

715 2944 962 3016 buerit,
997 2946 1036 3000 a
1066 2942 1256 3000 civili
1282 2942 1562 3016 imperio
1595 2942 1713 3020 (7).

873 3022 1120 3082 XXVI.
1209 3022 1583 3081 Ecclesiam
1632 3038 1768 3081 non
1827 3024 2031 3083 habet
2083 3023 2389 3083 nativum
2438 3039 2523 3082 ac
2569 3021 2955 3097 legitimum

706 3105 820 3179 jns
851 3103 1251 3178 acquirendi
1282 3119 1363 3160 ac
1394 3103 1783 3176 possidendi
1810 3103 1921 3183 (8).

873 3184 1149 3244 XXVII.
1238 3183 1429 3242 Sacri
1476 3183 1824 3242 Ecclesiae
1873 3182 2163 3242 ministri
2206 3183 2680 3258 Romanusque
2726 3180 2960 3241 Ponti·

714 3266 855 3339 feX,
882 3267 969 3324 ab
994 3263 1174 3324 omni
1202 3279 1427 3321 rerum
1458 3265 1927 3338 temporalium
1959 3279 2122 3323 cura
2147 3279 2228 3324 ac
2261 3265 2554 3324 dominio
2605 3269 2762 3323 sunt
2815 3279 2956 3323 om·

714 3345 872 3404 nino
905 3343 1319 3405 excludendi
1344 3343 1459 3423 (9).
2314 3351 2324 3361 ·

854 3505 930 3572 (1)
1000 3505 1174 3558 Alloc.
1208 3503 1499 3573 Sinyulari
1514 3502 1768 3575 quadam,
1792 3504 1828 3558 9
1849 3503 2168 3560 decembris
2198 3506 2354 3560 1854.
2380 3505 2543 3560 Alloc
2587 3502 2790 3558 Multa
2826 3518 2960 3573 yra-

714 3573 984 3644 vibusque,
1013 3576 1077 3630 17
1104 3577 1424 3631 decembris
1453 3579 1606 3630 1860.
1622 3578 1801 3631 Alloc.
1828 3575 2086 3631 Maxima
2111 3573 2344 3644 quidem,
2371 3578 2572 3646 ejunii
2603 3575 2763 3631 1862.

856 3650 931 3717 (2)
1008 3649 1167 3702 Alloc
1182 3647 1443 3702 Meminit
1457 3648 1837 3716 unusquisque,
1864 3652 1932 3702 30
1957 3641 2303 3716 septembris
2337 3651 2488 3705 1861.

854 3723 931 3785 (3)
1003 3721 1133 3774 Litt.
1163 3722 1360 3789 Apost.
1386 3718 1724 3787 Multiplices
1761 3720 1922 3788 inter,
1945 3720 2172 3788 leunii
2205 3723 2356 3775 1851.

858 3795 934 3860 (4)
1003 3793 1183 3858 Epist.
1204 3791 1279 3846 ad
1300 3793 1560 3859 Archiep.
1588 3792 1850 3859 Frising.‚
1884 3789 2030 3845 Tuas
2059 3791 2308 3857 libenter,
2326 3796 2391 3846 21
2437 3791 2758 3849 decembris
2789 3793 2958 3850 1868.

853 3865 927 3930 (5)
1001 3863 1120 3916 Litt
1145 3865 1342 3932 Apost.
1369 3861 1711 3930 Multiplices
1732 3863 1892 3929 inter,
1926 3866 1988 3915 10
2010 3865 2161 3931 junii
2188 3866 2344 3918 1851.

854 3936 929 4002 (6)
1002 3934 1135 4059 Igtt.
1166 3936 1352 4005 Apost
1394 3934 1486 3989 Ad
1504 3934 1850 4003 Apostilicae,
1879 3939 1945 3986 22
1967 3937 2199 4003 augusti
2224 3938 2379 3990 1851.

854 4007 904 4071 (7
995 4007 1026 4059 Ι
1070 4045 1083 4058 .
1108 4007 1184 4062 id.
2055 4001 2108 4079 ,κ’

856 4012 935 4144 (8))
1010 4078 1185 4134 Alloc.
1210 4077 1527 4149 Numquam
1539 4076 1688 4148 sore,
1723 4080 1786 4131 15
1811 4077 2140 4136 decembris
2177 4080 2336 4134 1866.
2360 4078 2542 4147 Epist.
2578 4077 2810 4152 Encycl.
2856 4074 2960 4134 In-

713 4145 973 4216 credibili,
1005 4149 1067 4202 17
1095 4152 1437 4220 septembris
1468 4154 1624 4207 1863.
1951 4141 2012 4278 f

856 4222 934 4290 (9)
1005 4222 1166 4283 Alloc
1200 4223 1458 4280 Maaeima
1482 4221 1722 4296 quidm,
1746 4222 1946 4292 ejunii

1691 4332 1962 4707 f

1683 4763 1747 4947 >
