3332 5100
1740 386 1792 393 -—
1838 353 1954 411 304
2000 387 2070 396 ——

773 496 1010 560 cunda
1042 498 1254 580 parte
1291 496 1709 578 allegantur
1743 499 1865 560 vel
1898 499 2146 578 priora
2209 499 2510 562 canonis
2562 516 2690 574 seu
2753 501 3008 582 capitis

773 606 1024 683 verba,
1062 605 1184 669 vel
1221 604 1375 685 ejus
1411 622 1778 685 numeruS,
1818 611 1890 668 et
1923 611 2311 687 praeterea
2344 624 2568 671 causa
2631 613 2703 671 et
2759 625 3008 690 quaes-

773 716 897 793 tio,
937 711 1038 775 uti
1074 731 1224 775 can.
1261 710 1301 773 2
1334 732 1463 775 cau
1489 711 1533 774 8
1567 733 1630 795 q.
1672 712 1736 791 23
1800 718 1870 775 et
1926 713 2000 775 in
2071 713 2403 778 Tractatu
2452 715 2534 779 de
2584 717 3011 799 poenitentia

773 820 895 900 qui
929 821 1091 901 post
1127 813 1423 881 ca'usam
1459 818 1569 897 33,
1610 819 2106 900 quaestionem
2140 820 2181 883 3
2237 821 2466 903 venit,
2520 822 2838 886 citantur
2898 839 3009 886 ca-

773 948 915 990 non
948 931 1021 992 et
1056 944 1398 991 numerus
1435 924 1919 991 distinctionis
1955 944 2117 992 cum
2151 928 2644 993 additamento
2704 929 2793 994 de
2848 948 3011 1013 poe-

771 1034 1102 1114 nitentia,
1142 1051 1206 1098 e.
1246 1052 1314 1115 g.
1375 1054 1528 1099 can.
1568 1047 1943 1098 LAGRYMAE
1976 1035 2017 1099 2
2052 1037 2210 1100 dist.
2248 1035 2285 1100 1
2343 1037 2426 1101 de
2480 1038 2745 1121 poenit.
2788 1035 3011 1102 Oano-

775 1162 899 1204 nos
935 1141 1197 1205 tertiae
1232 1141 1463 1222 partis
1500 1141 1816 1206 citantur
1860 1159 1990 1224 per
2025 1143 2257 1207 verba
2318 1143 2631 1207 initialia
2700 1144 2822 1218 Vel
2890 1163 3012 1208 nu-

771 1266 1046 1313 merum
1080 1249 1399 1329 capitum
1465 1265 1593 1312 seu
1650 1266 2034 1330 canonum,
2106 1248 2487 1331 designata
2553 1232 3014 1315 distinctione

775 1376 934 1418 cum
972 1354 1243 1437 duplici
1281 1358 1454 1418 nota
1489 1356 1851 1419 numerali
1886 1361 1957 1419 et
2012 1356 2289 1420 titulari
2324 1375 2451 1421 seu
2517 1358 2599 1422 de
2662 1378 3013 1424 consecra-

781 1466 981 1544 tione,
1024 1463 1237 1526 sicuti
1271 1483 1420 1527 can.
1460 1462 1494 1526 1
1532 1463 1694 1528 dist.
1736 1463 1771 1526 1
1809 1464 1890 1528 de
1926 1472 2297 1529 consecrat.

946 1570 1031 1633 In
1068 1568 1473 1651 allegandis
1532 1569 1891 1652 capitibus
1955 1570 2452 1635 Decretalium
2508 1568 2850 1654 Gregorii
2916 1572 3019 1637 IX

777 1678 1187 1740 indicantur
1219 1677 1341 1742 vel
1375 1676 1611 1759 prima
1643 1678 1875 1742 verba
1932 1678 2217 1761 capitis,
2285 1678 2408 1742 vel
2463 1696 2833 1758 numerus,
2900 1680 3020 1746 vel

773 1785 983 1848 simul
1048 1783 1296 1866 priora
1362 1784 1595 1849 verba
1649 1788 1722 1848 et
1786 1802 2151 1868 numeru8‚
2214 1803 2527 1868 moxque
2612 1787 3019 1870 epigraphe

777 1891 1337 1972 uniuscujusque
1371 1891 1584 1969 tituli,
1628 1892 1732 1955 uti
1765 1893 1840 1955 in
1884 1893 2083 1956 hisce
2143 1893 2373 1957 tribus
2433 1895 2813 1976 exemplis:
2869 1916 3018 1980 cap.

773 2012 1310 2062 via-NERABILEM
1345 1999 1426 2062 de
1461 1999 1685 2080 elect.;
1735 2019 1884 2083 cap.
1925 1999 1960 2062 1
2027 2000 2108 2064 de
2169 1997 2457 2066 Clericis
2521 2002 2819 2087 conju9.,·
2868 2022 3019 2086 cap.

773 2122 923 2170 TUA
955 2119 1096 2170 NOS
1133 2106 1218 2170 26
1251 2107 1333 2170 de
1367 2105 1690 2190 Sponsal.
1732 2114 1795 2171 et
1818 2107 2032 2173 Matr.

905 2213 1329 2277 Decretales
1361 2212 1719 2277 Bonifacii
1758 2213 1931 2278 VIII
1966 2213 2277 2295 allegari
2303 2214 2541 2278 solent
2568 2212 2805 2278 veluti
2844 2211 3020 2278 Gre-

775 2322 1124 2402 gorianae
1161 2337 1322 2383 cum
1356 2319 1495 2384 hac
1531 2321 1954 2384 accessione
1986 2323 2061 2385 in
2117 2321 2157 2386 6
2193 2321 2316 2386 vel
2348 2323 2423 2386 in
2457 2320 2685 2403 Sexto,
2723 2338 2843 2384 ex.
2877 2338 3017 2404 gr.:

775 2452 921 2512 cap.
959 2426 1450 2508 QUICUMQUE,
1488 2429 1570 2492 de
1603 2429 1888 2493 Haeret.
1921 2430 1995 2494 in
2028 2429 2069 2493 6
2102 2430 2226 2493 vel
2260 2430 2334 2494 in
2381 2427 2610 2495 Sexto.
2726 2500 2731 2506 ,

951 2535 1448 2602 Clementinae
1487 2536 1805 2601 citantur
1839 2536 2359 2621 praeponendo
2420 2536 2541 2602 vel
2577 2539 3022 2619 postponen-

777 2646 861 2706 do
899 2663 1183 2709 nomem
1218 2644 1592 2727 peculiare
1628 2644 1953 2725 eJusdem
2009 2645 2460 2710 collectionis
2514 2645 2642 2709 sic:
2700 2643 3023 2727 Clement,

773 2754 847 2817 'SI
883 2768 1208 2834 FURIOSI,
1250 2754 1331 2819 de
1366 2755 1585 2839 Reliy.
1626 2755 1914 2835 domib.;
1948 2757 2094 2818 aut:
2133 2775 2283 2839 cap.
2318 2753 2517 2837 ETSI,
2556 2755 2637 2819 de
2674 2740 3024 2841 Rescript,

773 2885 857 2925 eat:
897 2861 1212 2929 Clement.

949 2969 1542 3052 Extravagantes
1577 2968 1620 3033 J
1627 2970 1887 3033 oannis
1915 2968 2128 3033 XXII
2175 2967 2613 3049 indica-ntur,
2654 2970 3027 3033 recensita

775 3078 1203 3141 collectione
1237 3085 1407 3141 ante
1439 3078 1562 3142 vel
1602 3080 1764 3158 post
1818 3076 2053 3159 prima
2113 3076 2343 3140 verba
2389 3076 2650 3157 capitis
2706 3077 2838 3139 ita:
2878 3077 3026 3142 Ex-

775 3195 949 3249 trav.
980 3183 1150 3249 CUM
1185 3198 1412 3248 INTER
1471 3178 1954 3263 NONNULLOS,
1993 3182 2292 3246 Joannis
2342 3182 2566 3263 XXII,
2602 3182 2685 3246 de
2748 3185 3022 3249 verbor.

773 3293 1056 3378 siy-rzific.
1085 3291 1232 3356 vel:
1272 3291 1570 3356 Eoetrav.
1605 3291 1907 3355 Joamzz’s
1958 3290 2173 3353 XXII
2206 3287 2376 3355 CUM
2406 3304 2640 3353 mrnn
2672 3303 3028 3357 NONNUL-

775 3413 935 3479 LOS,
974 3400 1056 3464 de
1085 3400 1348 3463 verbor.
1381 3400 1673 3485 siqnifi'c.

951 3506 1284 3589 Denique
1342 3506 1940 3589 Extravagantes
2009 3523 2423 3570 communes
2488 3504 2743 3569 eodem
2808 3492 3027 3572 modo

777 3617 1117 3695 citantur,
1158 3617 1431 3678 mutato
1467 3614 1760 3678 nomine
1793 3613 1835 3678 J
1842 3613 2096 3677 oannis
2132 3612 2345 3677 XXII
2409 3630 2541 3694 per
2576 3612 2807 3676 verba
2841 3615 3030 3679 inter

775 3709 1106 3787 commun.
1144 3723 1266 3787 vel
1301 3724 1376 3788 in
1439 3723 1935 3803 communibus;
1996 3739 2111 3785 ex.
2151 3739 2260 3803 gr.
2318 3721 2615 3786 Extrav.
2663 3720 2836 3785 REM
2867 3736 3030 3788 NON

779 3845 1062 3912 MJVAM,
1104 3832 1186 3895 de
1220 3831 1354 3895 doz.
1391 3838 1455 3895 et
1488 3838 1864 3895 contumac.
1893 3830 2076 3895 inter
2103 3850 2439 3895 commun.
2468 3846 2603 3893 seu
2626 3830 2701 3893 in
2728 3850 3027 3896 commu·

775 3941 992 4002 vibus·

960 4042 1135 4108 Cum
1171 4060 1698 4126 saepenumero
1734 4042 1777 4106 J
1784 4061 1864 4107 us
1903 4040 2347 4109 Canonicum
2409 4062 2540 4127 pro
2598 4044 2889 4109 meliori
2922 4045 3027 4109 in-

779 4151 1187 4231 telligentia
1222 4156 1292 4215 et
1329 4152 1570 4235 legum
1605 4151 2272 4217 ecclesiasticarum
2302 4171 2519 4217 sensu
2546 4152 2639 4217 ad
2672 4152 2715 4217 J
2726 4170 2805 4216 us
2844 4154 3025 4220 civi·

787 4259 851 4319 lo
893 4275 1019 4321 seu
1051 4258 1452 4324 Romanum
1484 4261 1831 4342 remittat,
1890 4268 2377 4341 opportunum
2434 4261 2666 4325 nobis
2700 4260 3032 4343 videtur,·
