3332 5100
1695 322 2009 380 „30-

736 468 1059 533 Doctori:
1109 466 1215 532 2!
1263 466 1433 552 quia
1498 483 1760 531 nomen
1800 467 2196 551 Disciplina
2228 467 2543 531 indolem
2573 469 2790 551 atque
2848 487 2972 532 na-

736 580 971 640 turam
1017 575 1496 657 legislationis
1532 574 2080 640 ecclesiasticae
2115 574 2442 658 perfecte
2477 573 2751 657 definit,
2783 593 2974 658 quae

736 685 886 746 tota
920 683 1061 746 sita
1107 687 1218 746 est
1249 682 1321 745 in
1356 681 1834 763 benignitate,
1875 680 2432 746 mansuetudine
2477 685 2550 744 et
2584 681 2970 765 charitate,

736 794 833 870 ut,
873 788 1125 854 mediis
1159 789 1608 853 suavissimis
1644 789 2197 871 exhortationiS‚
2239 789 2522 853 consilii
2557 806 2645 852 ac
2677 807 2976 871 persua-

736 896 955 960 sionis
1012 895 1377 977 adhibitis,
1416 892 1683 959 bonum
1732 895 2112 978 spirituale
2159 895 2501 976 fidelium,
2540 895 2754 959 finem
2815 896 2974 977 eJus

734 1002 1130 1084 proprium,
1168 1006 1371 1066 recte
1410 1007 1868 1085 assequatur3
1909 1003 2075 1067 dum
2111 1022 2151 1069 e
2186 1009 2443 1069 contra
2478 1004 2840 1086 legislatio
2877 1005 2973 1069 ci-

736 1110 902 1173 vilis
934 1111 1138 1191 quus
1167 1109 1553 1191 primarius
1588 1127 1853 1192 scopus
1886 1111 1960 1198 in
1996 1112 2381 1192 temporali
2415 1111 2780 1176 hominum
2815 1112 2974 1175 feli·

738 1215 957 1281 citate
984 1216 1304 1280 fovenda
1330 1219 1401 1279 et
1426 1216 1720 1298 publica
1749 1217 2281 1299 tranquillitate
2309 1218 2780 1282 custodienda
2808 1236 2974 1283 con-

738 1323 948 1404 sistit,
986 1324 1087 1405 vi,
1125 1324 1393 1407 rigore,
1434 1330 1508 1387 et
1542 1324 1985 1389 coercitione
2037 1326 2139 1389 uti
2188 1326 2493 1408 cogitur.
2534 1326 2695 1390 Non
2729 1330 2978 1390 tamen

738 1449 829 1494 ex
855 1429 1066 1494 dictis
1102 1431 1402 1512 eruitur,
1434 1431 1537 1494 uti
1575 1431 1762 1495 falso
1799 1432 2146 1514 colligere
2171 1433 2309 1496 nisi
2333 1436 2499 1498 sunt
2527 1434 2970 1516 janseniani‚

738 1537 1141 1602 Ecclesiam
1183 1542 1548 1619 potestate
1603 1539 1942 1603 coactiva
1977 1557 2253 1622 carere,
2294 1559 2436 1623 qua
2473 1541 2758 1623 quidem
2809 1543 2977 1624 jure

738 1645 981 1709 divino
1044 1663 1332 1728 semper
1381 1647 1615 1727 potita
1662 1653 1797 1728 est3
1838 1647 2008 1711 licet
2043 1649 2301 1731 quovis
2337 1653 2662 1732 tempore
2695 1667 2977 1714 summa

740 1752 1095 1817 charitate
1150 1759 1223 1818 et
1255 1755 1439 1818 mira
1473 1755 1775 1818 lenitate
1810 1771 1970 1818 eam
1999 1757 2349 1837 exercuit,
2389 1756 2575 1821 bono
2613 1756 2979 1838 spirituali

740 1863 1139 1928 animarum
1171 1865 1481 1928 maxime
1507 1863 1973 1947 intendendo,
1997 1863 2338 1944 undejilla
2364 1881 2589 1929 aurea
2613 1866 2980 1930 sententia

740 1969 805 2034 S.
845 1969 1223 2034 Bernardi:
1263 1972 1441 2055 quod
1474 1973 1868 2037 institutum
1916 1980 2014 2037 est
2035 1980 2330 2057 propter
2378 1973 2804 2056 charitatem,
2840 1995 2979 2039 non

740 2084 835 2141 est
867 2079 1319 2142 excercendum
1351 2086 1591 2144 contra
1630 2079 2054 2144 charitatem.

914 2185 1025 2249 31.
1125 2182 1300 2248 Cum
1330 2184 1695 2266 objectum
1745 2186 1943 2250 circa
1976 2186 2168 2268 quod
2198 2204 2634 2270 unaquaque
2669 2188 2980 2253 scientia

740 2296 1101 2374 versatur,
1138 2292 1212 2356 in
1246 2295 1605 2358 materiale
1639 2298 1712 2357 et
1731 2295 2032 2380 formale
2059 2293 2405 2377 distingui
2431 2296 2705 2378 valeat,
2743 2295 2978 2361 Disci-

740 2399 939 2480 plina
971 2403 1341 2482 tamquam
1377 2401 1741 2482 objectum
1782 2403 2137 2468 materiale
2171 2402 2722 2484 investigandas
2758 2408 2979 2487 atque

742 2507 1238 2573 dilucidandas
1274 2513 1481 2573 curat
1508 2526 1756 2574 omnes
1785 2510 1984 2593 leges
2014 2516 2086 2574 et
2111 2509 2604 2575 ordinationes
2632 2529 2762 2595 pro
2791 2511 2982 2594 regi-

740 2615 928 2678 mine
963 2615 1338 2680 Ecclesiae
1373 2620 1715 2698 statutas,
1747 2616 1903 2681 sive
1938 2618 2239 2681 seorsim
2265 2624 2667 2700 spectataS‚
2708 2620 2868 2683 sive
2902 2619 2982 2683 in

742 2722 1027 2787 codices
1063 2724 1437 2807 collectaS,
1476 2725 1708 2790 veluti
1741 2725 2102 2806 objectum
2132 2725 2431 2810 formale
2493 2726 2795 2809 respicit
2858 2744 2979 2791 res

742 2847 986 2894 omnes
1012 2831 1399 2916 reliyioeas,
1440 2832 1571 2896 sub
1616 2831 1755 2895 hac
1791 2832 2190 2897 universali
2227 2837 2298 2896 et
2330 2832 2684 2898 latissima
2753 2835 2980 2899 deno-

740 2938 1136 3002 minatione
1170 2939 1663 3020 complectens
1699 2942 1930 3005 omnia
1967 2962 2137 3024 qaae
2166 2941 2424 3007 directe
2480 2943 2583 3008 vel
2646 2942 2984 3008 indirecte

741 3046 833 3111 ad
857 3046 1169 3131 fidelium
1191 3048 1809 3133 sanctificationem
1842 3049 2220 3133 conferunt.

915 3153 1113 3217 Finis
1152 3152 1627 3235 Disciplinae‚
1666 3154 1772 3218 uti
1828 3172 2060 3235 nuper
2122 3156 2512 3236 innuimuS,
2587 3157 2984 3224 immediate

744 3262 1071 3325 consistit
1095 3261 1170 3324 in
1204 3261 1608 3324 animarum
1642 3262 2245 3346 sanctificatione,
2316 3265 2610 3331 mediate
2675 3275 2804 3329 seu
2860 3287 2968 3331 re-

742 3378 912 3435 mote
947 3369 1020 3433 in
1057 3374 1405 3433 aeternae
1439 3369 1633 3435 vitae
1661 3370 2198 3453 assequutione.

918 3479 1385 3543 Praestantia
1422 3482 1641 3561 atque
1707 3469 2148 3544 excellentia
2208 3479 2419 3561 hujus
2486 3481 2985 3547 nobilissimae

744 3586 1095 3651 scientiae
1133 3586 1517 3669 multiplici
1560 3594 2151 3669 argumentorum
2187 3605 2458 3671 genere
2493 3588 2985 3655 demonstrari

742 3698 1005 3777 potest3
1043 3694 1427 3759 brevitatis
1462 3712 1710 3777 causa,
1751 3695 1996 3778 aliqua
2032 3696 2525 3760 tantummodo
2563 3696 2638 3761 in
2666 3698 2982 3763 medium

742 3804 1217 3885 proferemus:
1259 3803 1361 3865 1.0
1396 3801 1803 3884 Disciplina
1831 3802 1995 3885 jure
2029 3801 2433 3885 meritoque
2461 3808 2832 3887 tamquam
2860 3824 2981 3870 ex·

744 3909 1018 3991 pressio
1053 3909 1384 3991 practica
1421 3908 1778 3991 dogmatis
1813 3915 1884 3972 et
1940 3910 2568 3992 propugnaculum
2633 3911 2801 3975 fidei
2858 3911 2982 3975 ha-

742 4016 979 4081 benda
1012 4019 1146 4099 est,
1185 4016 1457 4082 idcirco
1494 4017 1659 4081 Pius
1682 4016 1783 4081 VI
1807 4016 1881 4080 in
1909 4015 2117 4080 Bulla
2145 4016 2584 4099 Dogmatica
2613 4016 2982 4084 Auctorem

740 4126 941 4191 Fidei
968 4142 1127 4189 eam
1164 4126 1589 4191 decretoriis
1623 4126 1870 4190 verbis
1904 4129 2276 4209 nuncupat
2309 4126 2775 4212 Sepimentum
2821 4128 2986 4216 fidei

744 4240 805 4297 et
831 4234 1236 4319 firmissima
1272 4233 1506 4315 tutela,
1542 4234 1792 4318 quippe
1821 4254 1991 4317 quae
2015 4254 2213 4299 sacro
2242 4233 2546 4318 doqmati
2576 4233 2984 4316 adhaereat,-
