3332 5100
1241 348 1601 411 ...341-

301 491 508 554 licere
538 496 579 551 a
612 492 890 567 judiciis
936 492 1386 551 Romanorum
1434 491 1836 551 Pontificum
1889 491 1978 550 ad
2033 492 2544 553 oecumenicum

302 574 673 635 Concilium
702 578 1047 647 tamquam
1076 574 1164 631 ad
1208 573 1681 633 auctoritatem
1735 572 2034 631 Romano
2075 571 2403 633 Pontiflce
2439 588 2542 631 su-

298 656 633 731 periorem
664 654 1035 728 appellare,

460 734 531 794 Si
556 735 705 809 quis
728 734 955 806 itaque
981 734 1254 804 dixerit,
1282 733 1655 793 Romanum
1687 731 2081 791 Pontificem
2111 732 2364 791 habere
2401 740 2543 791 tan-

298 816 640 875 tummodo
702 815 995 873 officium
1028 814 1467 887 inspectionis
1500 816 1605 871 vel
1668 814 2083 881 directioni8‚
2143 830 2274 871 non
2320 823 2546 871 autem

299 898 570 971 plenam
602 902 669 953 et
698 910 1080 969 supremam
1112 904 1519 969 potestatem·
1536 894 2030 968 jurisdictionis
2064 893 2133 951 in
2157 894 2549 953 universam

300 977 701 1049 Ecclesiam,
727 992 863 1035 non
906 976 1124 1034 solum
1150 975 1221 1034 in
1251 976 1475 1048 rebus,
1508 991 1682 1049 quae
1710 974 1796 1034 ad
1823 975 2026 1033 fidem
2055 981 2122 1031 et
2152 990 2392 1047 mores,
2429 974 2550 1032 sed

302 1058 509 1117 etiam
530 1058 602 1115 in
628 1056 735 1130 iis,
763 1070 939 1130 quae
964 1056 1053 1113 ad
1093 1056 1523 1130 disciplinam
1572 1062 1639 1113 et
1683 1056 1988 1130 regimen
2044 1053 2392 1113 Ecclesiae
2427 1069 2547 1129 per

300 1145 517 1197 totum
545 1138 777 1196 orbem
801 1136 1097 1196 diffusae
1125 1136 1491 1211 pertinent3
1518 1132 1637 1195 a'ut
1666 1152 1822 1194 eum
1860 1136 2113 1195 habere
2145 1142 2408 1195 tantum
2435 1149 2546 1209 po·

302 1219 509 1278 tiores
540 1224 791 1292 partes,
824 1232 960 1276 non
989 1232 1151 1276 vero
1183 1222 1393 1275 totam
1424 1216 1913 1291 plenitudinem
1953 1216 2154 1289 huJus
2195 1230 2549 1290 supremae

300 1298 682 1374 potestatis;
714 1304 831 1357 aut
858 1299 1037 1357 hanc
1071 1298 1218 1371 eJus
1248 1303 1648 1372 potestatem
1677 1312 1812 1355 non
1843 1312 1992 1355 esse
2035 1295 2448 1355 ordinariam
2478 1300 2547 1355 et

302 1379 786 1453 immediatam,
820 1378 965 1439 sive
997 1378 1069 1437 in
1099 1394 1329 1437 omnes
1360 1385 1427 1437 et
1463 1378 1766 1451 singulos
1813 1383 2121 1451 pastores
2173 1382 2242 1435 et
2287 1376 2547 1451 fideles3

305 1461 669 1521 anathema
694 1459 801 1519 sit.

1128 1600 1135 1605 ’
1220 1571 1504 1633 CAPUT
1536 1572 1649 1632 IV.

644 1693 743 1751 De
772 1663 1061 1751 Romani
1086 1691 1426 1765 Pontificis
1448 1689 1804 1765 infallibili
1825 1688 2220 1767 mayiateriO.

466 1850 620 1926 Ipso
651 1858 878 1912 autem
908 1850 1293 1926 Apostolico
1337 1850 1651 1924 primatu,
1687 1865 1888 1925 quem
1933 1848 2274 1908 Romanus
2328 1844 2553 1905 Ponti·

308 1932 427 1991 fex
452 1938 793 2006 tamquam
812 1931 1019 2004 Petri,
1044 1931 1378 2004 Principis
1410 1930 1882 2005 Apostolorum
1913 1945 2285 2002 successor,
2313 1928 2384 1987 in
2408 1927 2557 1987 uni·

308 2029 577 2072 versam
604 2012 978 2071 Ecclesiam
1002 2012 1283 2084 obtinet,
1326 2027 1712 2085 supremam
1743 2026 2010 2085 quoque
2040 2008 2417 2084 magisterii
2441 2022 2552 2082 po-

310 2098 622 2153 testatem
652 2092 1154 2167 comprehendi,
1198 2092 1369 2151 haec
1419 2090 1674 2151 Sancta
1729 2090 1938 2151 Sedes
1992 2106 2256 2165 semper
2311 2088 2550 2161 tenuit,

310 2180 673 2247 perpetuus
706 2172 1052 2231 Ecclesiae
1110 2188 1269 2231 usus
1326 2173 1740 2248 comprobat,
1774 2172 2074 2246 ,ipsaque
2117 2169 2554 2229 oecumenica

312 2251 635 2325 Concilia,
683 2269 763 2311 ea
794 2254 1141 2327 imprimis,
1176 2254 1247 2312 in
1296 2253 1541 2326 quibus
1578 2251 1817 2312 Oriens
1870 2268 2022 2311 cum
2079 2248 2452 2310 Occidente
2482 2249 2556 2309 in

310 2334 467 2397 fidei
525 2333 1014 2407 charitatisque
1076 2334 1392 2393 unionem
1453 2334 1924 2405 conveniebat,
2007 2332 2552 2391 declaraverunt.

308 2413 545 2473 Patres
596 2415 778 2473 enim
820 2412 1102 2473 Concilii
1151 2412 1876 2489 constantinopolitani
1923 2412 2170 2485 quarti,
2224 2411 2556 2483 majorum

312 2494 622 2569 vestigiis
666 2495 1103 2568 inhaerendo,
1148 2496 1326 2554 hanc
1373 2495 1738 2555 solemnem
1791 2492 2150 2552 ediderunt
2198 2488 2555 2566 professio-

308 2591 487 2635 nem:
520 2576 747 2635 Prima
775 2577 957 2635 salus
988 2583 1091 2637 est
1118 2583 1348 2635 rectae
1370 2575 1530 2634 fidei
1558 2575 1869 2650 regulam
1891 2573 2254 2632 custodire.
2289 2569 2372 2629 Et
2393 2568 2555 2645 quia

310 2672 446 2716 non
489 2664 709 2731 potest
738 2657 1007 2715 Domini
1036 2657 1250 2716 nostri
1290 2655 1458 2716 Jesu
1509 2654 1761 2715 Christi
1810 2652 2260 2728 praetermitti
2291 2657 2555 2710 senten·

312 2737 432 2810 tia,
468 2737 779 2797 dicentisz
806 2737 909 2796 Tu
932 2753 1005 2796 es
1032 2736 1295 2809 Petrus,
1323 2741 1391 2794 et
1418 2751 1620 2810 super
1648 2735 1824 2794 hanc
1868 2741 2132 2808 petram
2179 2731 2554 2792 aedificabo

312 2817 689 2877 Ecclesiam
712 2833 931 2876 meam
964 2815 1079 2895 (1),
1112 2816 1305 2886 haec,
1340 2832 1516 2890 quae
1547 2816 1731 2874 dicta
1763 2821 1938 2887 sunt,
1992 2829 2219 2872 rerum
2271 2812 2557 2886 proban-

312 2904 424 2956 tur
458 2898 843 2970 effectibus,
880 2897 1039 2971 quia
1066 2897 1134 2954 in
1172 2895 1345 2955 Sede
1375 2896 1764 2970 Apostolica
1795 2894 2229 2953 immaculata
2262 2901 2364 2950 est
2387 2907 2554 2952 sem-

312 2993 435 3052 per
468 2978 799 3036 catholica
828 2983 1183 3035 reservata
1207 2976 1470 3050 relig10‚
1500 2983 1567 3034 et
1590 2982 1826 3035 sancta
1849 2974 2196 3033 celebrata
2219 2973 2550 3031 doctrina.

312 3058 420 3117 Ab
449 3059 648 3132 hujus
680 3073 840 3133 ergo
884 3058 1017 3116 fide
1048 3065 1115 3116 et
1158 3058 1467 3116 doctrina
1498 3057 1803 3132 separari
1852 3055 2123 3114 minime
2179 3053 2554 3128 cupienten,

316 3154 685 3214 speramus,
724 3139 897 3198 utin
944 3154 1079 3197 una
1110 3138 1601 3210 communione,
1636 3152 1837 3211 quam
1903 3134 2112 3194 Sedes
2169 3132 2559 3206 Apostolica

314 3219 689 3294 praedicat,
726 3235 873 3277 esse
904 3234 1305 3291 mereamur,
1338 3219 1409 3276 in
1440 3234 1573 3292 qua
1602 3225 1705 3276 est
1747 3218 2106 3292 integra‘et
2135 3229 2300 3273 vera
2349 3211 2558 3272 chris-

314 3299 540 3359 tianae
564 3295 927 3374 religionis'
940 3300 1243 3359 soliditas
1291 3299 1409 3378 (2).
1441 3298 1880 3373 Approbante
1911 3311 2073 3354 vero
2121 3291 2560 3368 Lugdunensi

318 3377 615 3440 Concilio
648 3380 963 3453 secundO,
1016 3378 1262 3440 Graeci
1291 3379 1580 3454 professi
1611 3385 1788 3438 sunt:
1839 3376 2156 3436 Sanctam
2190 3374 2562 3434 Romanam

314 3459 691 3520 Ecclesiam
742 3476 1075 3520 summum
1122 3467 1191 3518 et
1239 3460 1513 3534 plenum
1563 3460 1926 3534 primatum
1981 3464 2048 3516 et
2105 3455 2563 3530 principatum

316 3556 520 3615 super
555 3541 944 3600 universam
999 3541 1378 3599 Ecclesiam
1419 3540 1827 3598 catholicam
1877 3537 2206 3609 obtinere,
2255 3551 2456 3610 quem
2487 3547 2558 3591 se

318 3621 405 3682 ab
435 3621 580 3696 ipso
609 3621 890 3680 Domino
940 3621 1011 3679 in
1067 3622 1270 3680 beato
1312 3619 1511 3678 Petro
1561 3619 2033 3694 Apostolorum
2059 3616 2364 3691 principe
2417 3613 2562 3672 sive

316 3702 597 3773 vertice,
632 3703 825 3776 qu'us
856 3701 1195 3760 Romanus
1223 3700 1545 3759 Pontifex
1587 3706 1690 3760 est
1739 3713 2112 3766 successor,
2146 3712 2300 3756 cum
2344 3700 2570 3770 potes-‚

317 3783 476 3842 tatis
505 3783 925 3857 plenitudine
954 3782 1294 3855 recepisse
1318 3780 1659 3840 veraciter
1693 3787 1758 3839 et
1815 3778 2156 3837 humiliter
2206 3789 2562 3848 recognos-

318 3863 435 3939 cit3
460 3869 527 3921 et
557 3863 731 3922 sicut
772 3879 935 3936 prae
966 3863 1253 3921 caeteris
1284 3867 1553 3920 tenetur
1582 3861 1743 3919 fidei
1773 3861 2134 3918 veritatem
2165 3855 2560 3928 defendere,

460 4061 539 4200 g}
609 4059 1446 4185 gsstftgmffiIbISiImmisdoe
1476 4129 1678 4196 Papae,
1704 4131 1872 4196 prout
1896 4125 1969 4178 ab
1995 4125 2248 4177 Adriano
2272 4124 2348 4190 ΙΙ,
2391 4121 2567 4176 Patri-

318 4203 430 4257 bus
456 4203 697 4257 Consilii
720 4202 1071 4258 oecumenici
1094 4202 1254 4268 VIII,
1282 4198 1902 4268 constantinopolitani
1935 4196 2033 4266 IV,
2071 4195 2364 4264 proposita
2407 4199 2464 4249 et
2492 4193 2567 4251 ab

319 4275 528 4330 iisdem
552 4275 877 4344 subscripta
899 4278 989 4330 est
