<?xml version="1.0" encoding="UTF-8"?>
<!DOCTYPE html PUBLIC "-//W3C//DTD XHTML 1.0 Transitional//EN"
    "http://www.w3.org/TR/xhtml1/DTD/xhtml1-transitional.dtd">
<html xmlns="http://www.w3.org/1999/xhtml" xml:lang="en" lang="en">
 <head>
  <title>
</title>
<meta http-equiv="Content-Type" content="text/html;charset=utf-8" />
  <meta name='ocr-system' content='tesseract 3.04.00' />
  <meta name='ocr-capabilities' content='ocr_page ocr_carea ocr_par ocr_line ocrx_word'/>
</head>
<body>
  <div class='ocr_page' id='page_1' title='image "./introductioinju00ferngoog_0352.png"; bbox 0 0 3332 5100; ppageno 0'>
   <div class='ocr_carea' id='block_1_1' title="bbox 1741 297 2100 356">
    <p class='ocr_par' dir='ltr' id='par_1_1' title="bbox 1741 297 2100 356">
     <span class='ocr_line' id='line_1_1' title="bbox 1741 297 2100 356; baseline 0 0"><span class='ocrx_word' id='word_1_1' title='bbox 1741 297 2100 356; x_wconf 76' lang='lat'><strong>-332-</strong></span> 
     </span>
    </p>
   </div>
   <div class='ocr_carea' id='block_1_2' title="bbox 837 482 3016 643">
    <p class='ocr_par' dir='ltr' id='par_1_2' title="bbox 837 482 3016 643">
     <span class='ocr_line' id='line_1_2' title="bbox 837 482 3016 561; baseline -0.002 -15"><span class='ocrx_word' id='word_1_2' title='bbox 837 484 900 561; x_wconf 64' lang='grc' dir='ltr'>ἕ.</span> <span class='ocrx_word' id='word_1_3' title='bbox 942 487 1415 547; x_wconf 73' lang='lat' dir='ltr'>VL—Errores</span> <span class='ocrx_word' id='word_1_4' title='bbox 1466 486 1540 543; x_wconf 84' lang='lat' dir='ltr'>de</span> <span class='ocrx_word' id='word_1_5' title='bbox 1572 486 1874 544; x_wconf 78' lang='lat' dir='ltr'>societate</span> <span class='ocrx_word' id='word_1_6' title='bbox 1919 485 2124 557; x_wconf 80' lang='lat' dir='ltr'>civili,</span> <span class='ocrx_word' id='word_1_7' title='bbox 2156 489 2300 543; x_wconf 78' lang='lat' dir='ltr'>tum</span> <span class='ocrx_word' id='word_1_8' title='bbox 2353 486 2428 544; x_wconf 79' lang='lat' dir='ltr'>in</span> <span class='ocrx_word' id='word_1_9' title='bbox 2467 502 2552 559; x_wconf 77' lang='lat' dir='ltr'>se,</span> <span class='ocrx_word' id='word_1_10' title='bbox 2586 490 2731 545; x_wconf 80' lang='lat' dir='ltr'>tum</span> <span class='ocrx_word' id='word_1_11' title='bbox 2758 484 2838 543; x_wconf 76' lang='grc'>111</span> <span class='ocrx_word' id='word_1_12' title='bbox 2871 482 3016 543; x_wconf 76' lang='lat' dir='ltr'>suis</span> 
     </span>
     <span class='ocr_line' id='line_1_3' title="bbox 1281 566 2567 643; baseline 0.002 -20"><span class='ocrx_word' id='word_1_13' title='bbox 1281 567 1369 623; x_wconf 85' lang='lat' dir='ltr'>ad</span> <span class='ocrx_word' id='word_1_14' title='bbox 1402 566 1744 625; x_wconf 80' lang='lat' dir='ltr'>eeclesiam</span> <span class='ocrx_word' id='word_1_15' title='bbox 1792 566 2222 625; x_wconf 73' lang='lat' dir='ltr'><em>relationibus</em></span> <span class='ocrx_word' id='word_1_16' title='bbox 2251 571 2567 643; x_wconf 76' lang='lat' dir='ltr'>spectata.</span> 
     </span>
    </p>
   </div>
   <div class='ocr_carea' id='block_1_3' title="bbox 801 715 3078 3383">
    <p class='ocr_par' dir='ltr' id='par_1_3' title="bbox 802 715 3057 935">
     <span class='ocr_line' id='line_1_4' title="bbox 960 715 3057 792; baseline -0 -18"><span class='ocrx_word' id='word_1_17' title='bbox 960 715 1280 775; x_wconf 89' lang='lat' dir='ltr'>XXXIX.</span> <span class='ocrx_word' id='word_1_18' title='bbox 1367 716 1812 789; x_wconf 80' lang='lat' dir='ltr'>Reipublicae</span> <span class='ocrx_word' id='word_1_19' title='bbox 1863 722 2098 788; x_wconf 86' lang='lat' dir='ltr'>status,</span> <span class='ocrx_word' id='word_1_20' title='bbox 2153 722 2386 792; x_wconf 83' lang='lat' dir='ltr'><strong>utpote</strong></span> <span class='ocrx_word' id='word_1_21' title='bbox 2443 716 2743 777; x_wconf 87' lang='lat' dir='ltr'>omnium</span> <span class='ocrx_word' id='word_1_22' title='bbox 2791 715 3057 791; x_wconf 87' lang='lat' dir='ltr'>jurium</span> 
     </span>
     <span class='ocr_line' id='line_1_5' title="bbox 802 796 3052 871; baseline -0.001 -16"><span class='ocrx_word' id='word_1_23' title='bbox 802 797 990 871; x_wconf 89' lang='lat' dir='ltr'>origo</span> <span class='ocrx_word' id='word_1_24' title='bbox 1074 804 1140 855; x_wconf 88' lang='lat' dir='ltr'>et</span> <span class='ocrx_word' id='word_1_25' title='bbox 1188 797 1360 869; x_wconf 73' lang='lat' dir='ltr'>fona,</span> <span class='ocrx_word' id='word_1_26' title='bbox 1419 797 1575 871; x_wconf 87' lang='lat' dir='ltr'>jure</span> <span class='ocrx_word' id='word_1_27' title='bbox 1632 797 1924 871; x_wconf 84' lang='lat' dir='ltr'>quodam</span> <span class='ocrx_word' id='word_1_28' title='bbox 1981 796 2189 871; x_wconf 91' lang='lat' dir='ltr'>pollet</span> <span class='ocrx_word' id='word_1_29' title='bbox 2246 797 2456 857; x_wconf 88' lang='lat' dir='ltr'>nullis</span> <span class='ocrx_word' id='word_1_30' title='bbox 2520 797 3052 871; x_wconf 87' lang='lat' dir='ltr'>circumscripto</span> 
     </span>
     <span class='ocr_line' id='line_1_6' title="bbox 802 877 1273 935; baseline 0.002 -1"><span class='ocrx_word' id='word_1_31' title='bbox 802 877 1130 935; x_wconf 88' lang='lat' dir='ltr'>limitibus</span> <span class='ocrx_word' id='word_1_32' title='bbox 1190 880 1218 935; x_wconf 97' lang='grc'>1</span> <span class='ocrx_word' id='word_1_33' title='bbox 1261 922 1273 934; x_wconf 94' lang='grc'>.</span> 
     </span>
    </p>

    <p class='ocr_par' dir='ltr' id='par_1_4' title="bbox 804 877 3056 1116">
     <span class='ocr_line' id='line_1_7' title="bbox 962 877 3056 1030; baseline -0.001 -15"><span class='ocrx_word' id='word_1_34' title='bbox 962 956 1099 1015; x_wconf 86' lang='lat' dir='ltr'>XL.</span> <span class='ocrx_word' id='word_1_35' title='bbox 1159 877 1581 1016; x_wconf 53' lang='lat' dir='ltr'>(gatholicae</span> <span class='ocrx_word' id='word_1_36' title='bbox 1612 956 1959 1015; x_wconf 82' lang='lat' dir='ltr'>Ecclesiae</span> <span class='ocrx_word' id='word_1_37' title='bbox 1991 955 2326 1030; x_wconf 87' lang='lat' dir='ltr'>doctrina,</span> <span class='ocrx_word' id='word_1_38' title='bbox 2373 958 2708 1017; x_wconf 81' lang='lat' dir='ltr'><strong>humanae</strong></span> <span class='ocrx_word' id='word_1_39' title='bbox 2763 960 3056 1016; x_wconf 86' lang='lat' dir='ltr'>societa-</span> 
     </span>
     <span class='ocr_line' id='line_1_8' title="bbox 804 1035 2176 1116; baseline -0.001 -21"><span class='ocrx_word' id='word_1_40' title='bbox 804 1038 889 1097; x_wconf 91' lang='lat' dir='ltr'>tis</span> <span class='ocrx_word' id='word_1_41' title='bbox 921 1037 1095 1096; x_wconf 91' lang='lat' dir='ltr'>bono</span> <span class='ocrx_word' id='word_1_42' title='bbox 1127 1043 1193 1094; x_wconf 89' lang='lat' dir='ltr'>et</span> <span class='ocrx_word' id='word_1_43' title='bbox 1222 1037 1587 1096; x_wconf 90' lang='lat' dir='ltr'>commodis</span> <span class='ocrx_word' id='word_1_44' title='bbox 1626 1038 2028 1096; x_wconf 80' lang='lat' dir='ltr'><strong>adversatur</strong></span> <span class='ocrx_word' id='word_1_45' title='bbox 2061 1035 2176 1116; x_wconf 87' lang='lat'>(2).</span> 
     </span>
    </p>

    <p class='ocr_par' dir='ltr' id='par_1_5' title="bbox 801 1115 3066 1437">
     <span class='ocr_line' id='line_1_9' title="bbox 963 1115 3062 1191; baseline -0.001 -16"><span class='ocrx_word' id='word_1_46' title='bbox 963 1116 1138 1175; x_wconf 92' lang='lat' dir='ltr'>XLI.</span> <span class='ocrx_word' id='word_1_47' title='bbox 1229 1115 1427 1176; x_wconf 88' lang='lat' dir='ltr'>Civili</span> <span class='ocrx_word' id='word_1_48' title='bbox 1452 1119 1770 1191; x_wconf 88' lang='lat' dir='ltr'>potestati</span> <span class='ocrx_word' id='word_1_49' title='bbox 1799 1117 1908 1175; x_wconf 92' lang='lat' dir='ltr'>vel</span> <span class='ocrx_word' id='word_1_50' title='bbox 1943 1117 2028 1177; x_wconf 88' lang='lat' dir='ltr'>ab</span> <span class='ocrx_word' id='word_1_51' title='bbox 2058 1115 2317 1175; x_wconf 90' lang='lat' dir='ltr'>infideli</span> <span class='ocrx_word' id='word_1_52' title='bbox 2347 1116 2726 1191; x_wconf 87' lang='lat' dir='ltr'>imperante</span> <span class='ocrx_word' id='word_1_53' title='bbox 2786 1116 3062 1176; x_wconf 83' lang='lat' dir='ltr'>exerci-</span> 
     </span>
     <span class='ocr_line' id='line_1_10' title="bbox 806 1196 3066 1272; baseline -0 -17"><span class='ocrx_word' id='word_1_54' title='bbox 806 1204 915 1255; x_wconf 90' lang='lat' dir='ltr'>tae</span> <span class='ocrx_word' id='word_1_55' title='bbox 948 1198 1268 1271; x_wconf 87' lang='lat' dir='ltr'>competit</span> <span class='ocrx_word' id='word_1_56' title='bbox 1318 1203 1613 1270; x_wconf 85' lang='lat' dir='ltr'>potestas</span> <span class='ocrx_word' id='word_1_57' title='bbox 1646 1198 1980 1256; x_wconf 90' lang='lat' dir='ltr'>indirecta</span> <span class='ocrx_word' id='word_1_58' title='bbox 2031 1198 2356 1272; x_wconf 82' lang='lat' dir='ltr'>negativa</span> <span class='ocrx_word' id='word_1_59' title='bbox 2414 1199 2486 1257; x_wconf 89' lang='lat' dir='ltr'>in</span> <span class='ocrx_word' id='word_1_60' title='bbox 2541 1214 2762 1272; x_wconf 81' lang='lat' dir='ltr'>sacra3</span> <span class='ocrx_word' id='word_1_61' title='bbox 2831 1196 3066 1256; x_wconf 83' lang='lat' dir='ltr'>eidem</span> 
     </span>
     <span class='ocr_line' id='line_1_11' title="bbox 806 1276 3066 1356; baseline -0 -21"><span class='ocrx_word' id='word_1_62' title='bbox 806 1278 1089 1352; x_wconf 81' lang='lat' dir='ltr'>proinde</span> <span class='ocrx_word' id='word_1_63' title='bbox 1110 1278 1430 1352; x_wconf 87' lang='lat' dir='ltr'>competit</span> <span class='ocrx_word' id='word_1_64' title='bbox 1454 1279 1701 1337; x_wconf 91' lang='lat' dir='ltr'>nedum</span> <span class='ocrx_word' id='word_1_65' title='bbox 1724 1278 1836 1351; x_wconf 89' lang='lat' dir='ltr'>jus</span> <span class='ocrx_word' id='word_1_66' title='bbox 1862 1293 1991 1351; x_wconf 88' lang='lat' dir='ltr'>quo</span> <span class='ocrx_word' id='word_1_67' title='bbox 2013 1286 2263 1336; x_wconf 84' lang='lat' dir='ltr'>vocant</span> <span class='ocrx_word' id='word_1_68' title='bbox 2290 1284 2673 1356; x_wconf 74' lang='lat' dir='ltr'><strong><em>exequatur,</em></strong></span> <span class='ocrx_word' id='word_1_69' title='bbox 2699 1278 2824 1337; x_wconf 86' lang='lat' dir='ltr'>sed</span> <span class='ocrx_word' id='word_1_70' title='bbox 2849 1276 3066 1335; x_wconf 83' lang='lat' dir='ltr'>etiam</span> 
     </span>
     <span class='ocr_line' id='line_1_12' title="bbox 801 1357 2620 1437; baseline 0.002 -20"><span class='ocrx_word' id='word_1_71' title='bbox 801 1359 913 1432; x_wconf 85' lang='lat' dir='ltr'>J‘us</span> <span class='ocrx_word' id='word_1_72' title='bbox 944 1359 1432 1434; x_wconf 77' lang='lat' dir='ltr'>appellationis,</span> <span class='ocrx_word' id='word_1_73' title='bbox 1469 1374 1674 1431; x_wconf 88' lang='lat' dir='ltr'>quam</span> <span class='ocrx_word' id='word_1_74' title='bbox 1706 1364 2125 1432; x_wconf 88' lang='lat' dir='ltr'>nuncupant,</span> <span class='ocrx_word' id='word_1_75' title='bbox 2159 1359 2239 1417; x_wconf 87' lang='lat' dir='ltr'>ab</span> <span class='ocrx_word' id='word_1_76' title='bbox 2261 1359 2478 1417; x_wconf 72' lang='lat' dir='ltr'>abusu</span> <span class='ocrx_word' id='word_1_77' title='bbox 2502 1357 2620 1437; x_wconf 77' lang='lat'>(3).</span> 
     </span>
    </p>

    <p class='ocr_par' dir='ltr' id='par_1_6' title="bbox 808 1436 3067 1597">
     <span class='ocr_line' id='line_1_13' title="bbox 967 1436 3067 1513; baseline -0 -18"><span class='ocrx_word' id='word_1_78' title='bbox 967 1437 1175 1496; x_wconf 88' lang='lat' dir='ltr'>XLII.</span> <span class='ocrx_word' id='word_1_79' title='bbox 1262 1438 1340 1496; x_wconf 90' lang='lat' dir='ltr'>In</span> <span class='ocrx_word' id='word_1_80' title='bbox 1372 1438 1692 1497; x_wconf 83' lang='lat' dir='ltr'>conflictu</span> <span class='ocrx_word' id='word_1_81' title='bbox 1714 1439 1940 1513; x_wconf 87' lang='lat' dir='ltr'>legum</span> <span class='ocrx_word' id='word_1_82' title='bbox 1971 1439 2326 1512; x_wconf 89' lang='lat' dir='ltr'>utriusque</span> <span class='ocrx_word' id='word_1_83' title='bbox 2346 1439 2720 1512; x_wconf 86' lang='lat' dir='ltr'>potestatis,</span> <span class='ocrx_word' id='word_1_84' title='bbox 2751 1439 2866 1512; x_wconf 88' lang='lat' dir='ltr'>jus</span> <span class='ocrx_word' id='word_1_85' title='bbox 2893 1436 3067 1495; x_wconf 88' lang='lat' dir='ltr'>civi-</span> 
     </span>
     <span class='ocr_line' id='line_1_14' title="bbox 808 1517 1405 1597; baseline -0.003 -20"><span class='ocrx_word' id='word_1_86' title='bbox 808 1518 871 1577; x_wconf 90' lang='lat' dir='ltr'>le</span> <span class='ocrx_word' id='word_1_87' title='bbox 906 1518 1259 1592; x_wconf 85' lang='lat' dir='ltr'>praevalet</span> <span class='ocrx_word' id='word_1_88' title='bbox 1292 1517 1405 1597; x_wconf 88' lang='lat'>(4).</span> 
     </span>
    </p>

    <p class='ocr_par' dir='ltr' id='par_1_7' title="bbox 812 1596 3062 1998">
     <span class='ocr_line' id='line_1_15' title="bbox 970 1596 3060 1672; baseline -0 -17"><span class='ocrx_word' id='word_1_89' title='bbox 970 1596 1211 1656; x_wconf 89' lang='lat' dir='ltr'>XLIII.</span> <span class='ocrx_word' id='word_1_90' title='bbox 1299 1598 1501 1657; x_wconf 85' lang='lat' dir='ltr'>Laica</span> <span class='ocrx_word' id='word_1_91' title='bbox 1531 1605 1826 1672; x_wconf 85' lang='lat' dir='ltr'>potestas</span> <span class='ocrx_word' id='word_1_92' title='bbox 1859 1598 2333 1657; x_wconf 87' lang='lat' dir='ltr'>auctoritatem</span> <span class='ocrx_word' id='word_1_93' title='bbox 2357 1599 2566 1657; x_wconf 86' lang='lat' dir='ltr'>habet</span> <span class='ocrx_word' id='word_1_94' title='bbox 2587 1596 3060 1668; x_wconf 79' lang='lat' dir='ltr'>rescindendi,</span> 
     </span>
     <span class='ocr_line' id='line_1_16' title="bbox 812 1677 3059 1756; baseline -0.002 -19"><span class='ocrx_word' id='word_1_95' title='bbox 812 1679 1209 1737; x_wconf 85' lang='lat' dir='ltr'>declarandi</span> <span class='ocrx_word' id='word_1_96' title='bbox 1242 1695 1323 1736; x_wconf 90' lang='lat' dir='ltr'>ac</span> <span class='ocrx_word' id='word_1_97' title='bbox 1349 1679 1649 1737; x_wconf 84' lang='lat' dir='ltr'>faciendi</span> <span class='ocrx_word' id='word_1_98' title='bbox 1679 1680 1908 1737; x_wconf 88' lang='lat' dir='ltr'>irritas</span> <span class='ocrx_word' id='word_1_99' title='bbox 1933 1680 2263 1737; x_wconf 83' lang='lat' dir='ltr'>solemnes</span> <span class='ocrx_word' id='word_1_100' title='bbox 2294 1680 2778 1737; x_wconf 84' lang='lat' dir='ltr'>conventiones</span> <span class='ocrx_word' id='word_1_101' title='bbox 2813 1677 3059 1756; x_wconf 78' lang='lat' dir='ltr'>(vulgo</span> 
     </span>
     <span class='ocr_line' id='line_1_17' title="bbox 817 1758 3062 1834; baseline -0.002 -16"><span class='ocrx_word' id='word_1_102' title='bbox 817 1758 1257 1833; x_wconf 77' lang='lat' dir='ltr'>Concordata)</span> <span class='ocrx_word' id='word_1_103' title='bbox 1290 1774 1493 1833; x_wconf 86' lang='lat' dir='ltr'>super</span> <span class='ocrx_word' id='word_1_104' title='bbox 1522 1776 1649 1818; x_wconf 89' lang='lat' dir='ltr'>usu</span> <span class='ocrx_word' id='word_1_105' title='bbox 1665 1760 1922 1834; x_wconf 88' lang='lat' dir='ltr'>jurium</span> <span class='ocrx_word' id='word_1_106' title='bbox 1950 1760 2038 1816; x_wconf 88' lang='lat' dir='ltr'>ad</span> <span class='ocrx_word' id='word_1_107' title='bbox 2088 1759 2627 1819; x_wconf 87' lang='lat' dir='ltr'>ecclesiasticam</span> <span class='ocrx_word' id='word_1_108' title='bbox 2667 1758 3062 1818; x_wconf 83' lang='lat' dir='ltr'>immunita-</span> 
     </span>
     <span class='ocr_line' id='line_1_18' title="bbox 813 1838 3062 1914; baseline -0.001 -17"><span class='ocrx_word' id='word_1_109' title='bbox 813 1846 949 1898; x_wconf 82' lang='lat' dir='ltr'>tem</span> <span class='ocrx_word' id='word_1_110' title='bbox 979 1840 1463 1914; x_wconf 89' lang='lat' dir='ltr'>pertinentium</span> <span class='ocrx_word' id='word_1_111' title='bbox 1514 1856 1668 1898; x_wconf 89' lang='lat' dir='ltr'>cum</span> <span class='ocrx_word' id='word_1_112' title='bbox 1723 1838 1897 1898; x_wconf 84' lang='lat' dir='ltr'>Sede</span> <span class='ocrx_word' id='word_1_113' title='bbox 1959 1839 2349 1913; x_wconf 84' lang='lat' dir='ltr'>Apostolica</span> <span class='ocrx_word' id='word_1_114' title='bbox 2399 1840 2604 1899; x_wconf 83' lang='lat' dir='ltr'>initas</span> <span class='ocrx_word' id='word_1_115' title='bbox 2649 1841 2797 1899; x_wconf 88' lang='lat' dir='ltr'>sine</span> <span class='ocrx_word' id='word_1_116' title='bbox 2849 1838 3062 1912; x_wconf 86' lang='lat' dir='ltr'>hujus</span> 
     </span>
     <span class='ocr_line' id='line_1_19' title="bbox 813 1919 2213 1998; baseline -0.001 -19"><span class='ocrx_word' id='word_1_117' title='bbox 813 1935 1170 1991; x_wconf 89' lang='lat' dir='ltr'>consensu,</span> <span class='ocrx_word' id='word_1_118' title='bbox 1206 1920 1405 1979; x_wconf 91' lang='lat' dir='ltr'>immo</span> <span class='ocrx_word' id='word_1_119' title='bbox 1437 1925 1503 1978; x_wconf 90' lang='lat' dir='ltr'>et</span> <span class='ocrx_word' id='word_1_120' title='bbox 1534 1927 1617 1979; x_wconf 81' lang='lat' dir='ltr'>ea</span> <span class='ocrx_word' id='word_1_121' title='bbox 1645 1921 2062 1978; x_wconf 76' lang='lat' dir='ltr'>reclamante</span> <span class='ocrx_word' id='word_1_122' title='bbox 2097 1919 2213 1998; x_wconf 89' lang='lat'><strong>(5).</strong></span> 
     </span>
    </p>

    <p class='ocr_par' dir='ltr' id='par_1_8' title="bbox 815 1997 3074 2559">
     <span class='ocr_line' id='line_1_20' title="bbox 974 1997 3070 2075; baseline -0.001 -18"><span class='ocrx_word' id='word_1_123' title='bbox 974 1999 1211 2059; x_wconf 93' lang='lat' dir='ltr'>XLIX.</span> <span class='ocrx_word' id='word_1_124' title='bbox 1330 1997 1562 2058; x_wconf 89' lang='lat' dir='ltr'>Civilis</span> <span class='ocrx_word' id='word_1_125' title='bbox 1613 2000 1981 2059; x_wconf 82' lang='lat' dir='ltr'>auctoritas</span> <span class='ocrx_word' id='word_1_126' title='bbox 2039 2004 2258 2075; x_wconf 89' lang='lat' dir='ltr'>potest</span> <span class='ocrx_word' id='word_1_127' title='bbox 2291 2015 2362 2057; x_wconf 90' lang='lat' dir='ltr'>se</span> <span class='ocrx_word' id='word_1_128' title='bbox 2418 1999 2799 2059; x_wconf 86' lang='lat' dir='ltr'>immiscere</span> <span class='ocrx_word' id='word_1_129' title='bbox 2856 1999 3070 2057; x_wconf 86' lang='lat' dir='ltr'>rebus</span> 
     </span>
     <span class='ocr_line' id='line_1_21' title="bbox 815 2078 3066 2155; baseline -0.001 -16"><span class='ocrx_word' id='word_1_130' title='bbox 815 2096 988 2154; x_wconf 86' lang='lat' dir='ltr'>quae</span> <span class='ocrx_word' id='word_1_131' title='bbox 1021 2080 1107 2137; x_wconf 89' lang='lat' dir='ltr'>ad</span> <span class='ocrx_word' id='word_1_132' title='bbox 1129 2080 1552 2153; x_wconf 87' lang='lat' dir='ltr'>religionem,</span> <span class='ocrx_word' id='word_1_133' title='bbox 1591 2096 1812 2139; x_wconf 87' lang='lat' dir='ltr'>mores</span> <span class='ocrx_word' id='word_1_134' title='bbox 1845 2086 1911 2138; x_wconf 90' lang='lat' dir='ltr'>et</span> <span class='ocrx_word' id='word_1_135' title='bbox 1941 2081 2247 2155; x_wconf 87' lang='lat' dir='ltr'>regimen</span> <span class='ocrx_word' id='word_1_136' title='bbox 2283 2078 2634 2154; x_wconf 82' lang='lat' dir='ltr'>spirituale</span> <span class='ocrx_word' id='word_1_137' title='bbox 2689 2079 3066 2154; x_wconf 89' lang='lat' dir='ltr'>pertinent.</span> 
     </span>
     <span class='ocr_line' id='line_1_22' title="bbox 816 2160 3070 2234; baseline -0.001 -15"><span class='ocrx_word' id='word_1_138' title='bbox 816 2160 992 2219; x_wconf 88' lang='lat' dir='ltr'>Hinc</span> <span class='ocrx_word' id='word_1_139' title='bbox 1019 2167 1237 2234; x_wconf 88' lang='lat' dir='ltr'>potest</span> <span class='ocrx_word' id='word_1_140' title='bbox 1261 2161 1344 2218; x_wconf 91' lang='lat' dir='ltr'>de</span> <span class='ocrx_word' id='word_1_141' title='bbox 1372 2161 1930 2220; x_wconf 81' lang='lat' dir='ltr'>instructionibus</span> <span class='ocrx_word' id='word_1_142' title='bbox 1948 2161 2285 2234; x_wconf 82' lang='lat' dir='ltr'>judicare,</span> <span class='ocrx_word' id='word_1_143' title='bbox 2321 2175 2490 2233; x_wconf 86' lang='lat' dir='ltr'>quas</span> <span class='ocrx_word' id='word_1_144' title='bbox 2525 2160 2879 2219; x_wconf 82' lang='lat' dir='ltr'>Ecclesiae</span> <span class='ocrx_word' id='word_1_145' title='bbox 2909 2175 3070 2233; x_wconf 82' lang='lat' dir='ltr'>pas-</span> 
     </span>
     <span class='ocr_line' id='line_1_23' title="bbox 817 2240 3074 2314; baseline -0.001 -16"><span class='ocrx_word' id='word_1_146' title='bbox 817 2250 995 2300; x_wconf 87' lang='lat' dir='ltr'>tores</span> <span class='ocrx_word' id='word_1_147' title='bbox 1023 2240 1109 2298; x_wconf 87' lang='lat' dir='ltr'>ad</span> <span class='ocrx_word' id='word_1_148' title='bbox 1132 2241 1698 2300; x_wconf 84' lang='lat' dir='ltr'>conscientiarum</span> <span class='ocrx_word' id='word_1_149' title='bbox 1722 2257 2023 2300; x_wconf 86' lang='lat' dir='ltr'>normam</span> <span class='ocrx_word' id='word_1_150' title='bbox 2046 2257 2165 2314; x_wconf 91' lang='lat' dir='ltr'>pro</span> <span class='ocrx_word' id='word_1_151' title='bbox 2187 2256 2306 2299; x_wconf 89' lang='lat' dir='ltr'>suo</span> <span class='ocrx_word' id='word_1_152' title='bbox 2334 2257 2610 2299; x_wconf 89' lang='lat' dir='ltr'>munere</span> <span class='ocrx_word' id='word_1_153' title='bbox 2639 2242 2871 2312; x_wconf 89' lang='lat' dir='ltr'>edunt,</span> <span class='ocrx_word' id='word_1_154' title='bbox 2896 2240 3074 2313; x_wconf 87' lang='lat' dir='ltr'>quin</span> 
     </span>
     <span class='ocr_line' id='line_1_24' title="bbox 820 2320 3071 2395; baseline -0.001 -16"><span class='ocrx_word' id='word_1_155' title='bbox 820 2322 1023 2379; x_wconf 89' lang='lat' dir='ltr'>etiam</span> <span class='ocrx_word' id='word_1_156' title='bbox 1047 2328 1264 2395; x_wconf 90' lang='lat' dir='ltr'>potest</span> <span class='ocrx_word' id='word_1_157' title='bbox 1288 2322 1371 2379; x_wconf 87' lang='lat' dir='ltr'>de</span> <span class='ocrx_word' id='word_1_158' title='bbox 1404 2322 1788 2380; x_wconf 88' lang='lat' dir='ltr'>divinorum</span> <span class='ocrx_word' id='word_1_159' title='bbox 1819 2321 2404 2380; x_wconf 80' lang='lat' dir='ltr'>Sacramentorum</span> <span class='ocrx_word' id='word_1_160' title='bbox 2469 2320 3071 2379; x_wconf 83' lang='lat' dir='ltr'>administratione</span> 
     </span>
     <span class='ocr_line' id='line_1_25' title="bbox 819 2401 3072 2476; baseline -0.001 -16"><span class='ocrx_word' id='word_1_161' title='bbox 819 2409 887 2460; x_wconf 88' lang='lat' dir='ltr'>et</span> <span class='ocrx_word' id='word_1_162' title='bbox 916 2401 1473 2476; x_wconf 86' lang='lat' dir='ltr'>dispositionibus</span> <span class='ocrx_word' id='word_1_163' title='bbox 1499 2403 1586 2460; x_wconf 91' lang='lat' dir='ltr'>ad</span> <span class='ocrx_word' id='word_1_164' title='bbox 1644 2418 1728 2461; x_wconf 88' lang='lat' dir='ltr'>ea</span> <span class='ocrx_word' id='word_1_165' title='bbox 1787 2402 2221 2476; x_wconf 87' lang='lat' dir='ltr'>suscipienda</span> <span class='ocrx_word' id='word_1_166' title='bbox 2273 2402 2680 2461; x_wconf 84' lang='lat' dir='ltr'>necessariis</span> <span class='ocrx_word' id='word_1_167' title='bbox 2737 2402 3072 2459; x_wconf 86' lang='lat' dir='ltr'>decerne-</span> 
     </span>
     <span class='ocr_line' id='line_1_26' title="bbox 818 2482 1044 2559; baseline -0.009 -18"><span class='ocrx_word' id='word_1_168' title='bbox 818 2498 893 2541; x_wconf 87' lang='lat' dir='ltr'>re</span> <span class='ocrx_word' id='word_1_169' title='bbox 957 2482 1044 2559; x_wconf 89' lang='lat'>6).</span> 
     </span>
    </p>

    <p class='ocr_par' dir='ltr' id='par_1_9' title="bbox 818 2482 3078 3205">
     <span class='ocr_line' id='line_1_27' title="bbox 928 2482 3074 2637; baseline -0 -17"><span class='ocrx_word' id='word_1_170' title='bbox 928 2482 1178 2621; x_wconf 69' lang='lat' dir='ltr'>(XLV.</span> <span class='ocrx_word' id='word_1_171' title='bbox 1267 2563 1508 2621; x_wconf 87' lang='lat' dir='ltr'>Totum</span> <span class='ocrx_word' id='word_1_172' title='bbox 1544 2563 1920 2621; x_wconf 87' lang='lat' dir='ltr'>scholarum</span> <span class='ocrx_word' id='word_1_173' title='bbox 1980 2562 2406 2637; x_wconf 90' lang='lat' dir='ltr'>publicarum</span> <span class='ocrx_word' id='word_1_174' title='bbox 2450 2562 2778 2637; x_wconf 86' lang='lat' dir='ltr'>regimen,</span> <span class='ocrx_word' id='word_1_175' title='bbox 2814 2561 2890 2620; x_wconf 90' lang='lat' dir='ltr'>in</span> <span class='ocrx_word' id='word_1_176' title='bbox 2921 2561 3074 2634; x_wconf 90' lang='lat' dir='ltr'>qui-</span> 
     </span>
     <span class='ocr_line' id='line_1_28' title="bbox 818 2641 3070 2717; baseline -0.001 -16"><span class='ocrx_word' id='word_1_177' title='bbox 818 2641 943 2702; x_wconf 89' lang='lat' dir='ltr'>bus</span> <span class='ocrx_word' id='word_1_178' title='bbox 997 2645 1319 2717; x_wconf 87' lang='lat' dir='ltr'>juventus</span> <span class='ocrx_word' id='word_1_179' title='bbox 1366 2645 1785 2702; x_wconf 75' lang='lat' dir='ltr'>christianae</span> <span class='ocrx_word' id='word_1_180' title='bbox 1820 2643 2111 2717; x_wconf 85' lang='lat' dir='ltr'>aliqu‘us</span> <span class='ocrx_word' id='word_1_181' title='bbox 2172 2643 2613 2717; x_wconf 86' lang='lat' dir='ltr'>Reipublicae</span> <span class='ocrx_word' id='word_1_182' title='bbox 2655 2642 3070 2713; x_wconf 85' lang='lat' dir='ltr'>instituit-ur,</span> 
     </span>
     <span class='ocr_line' id='line_1_29' title="bbox 822 2723 3068 2798; baseline -0.002 -16"><span class='ocrx_word' id='word_1_183' title='bbox 822 2724 1318 2798; x_wconf 88' lang='lat' dir='ltr'>episcopalibus</span> <span class='ocrx_word' id='word_1_184' title='bbox 1350 2725 1706 2782; x_wconf 82' lang='lat' dir='ltr'>dumtaxat</span> <span class='ocrx_word' id='word_1_185' title='bbox 1763 2724 2139 2782; x_wconf 87' lang='lat' dir='ltr'>seminariis</span> <span class='ocrx_word' id='word_1_186' title='bbox 2163 2725 2392 2797; x_wconf 89' lang='lat' dir='ltr'>aliqua</span> <span class='ocrx_word' id='word_1_187' title='bbox 2425 2724 2689 2782; x_wconf 90' lang='lat' dir='ltr'>ratione</span> <span class='ocrx_word' id='word_1_188' title='bbox 2727 2723 3068 2795; x_wconf 72' lang='lat' dir='ltr'>exceptiS,</span> 
     </span>
     <span class='ocr_line' id='line_1_30' title="bbox 822 2803 3078 2880; baseline -0.002 -18"><span class='ocrx_word' id='word_1_189' title='bbox 822 2810 1043 2880; x_wconf 89' lang='lat' dir='ltr'>potest</span> <span class='ocrx_word' id='word_1_190' title='bbox 1094 2820 1173 2861; x_wconf 92' lang='lat' dir='ltr'>ac</span> <span class='ocrx_word' id='word_1_191' title='bbox 1223 2804 1424 2861; x_wconf 87' lang='lat' dir='ltr'>debet</span> <span class='ocrx_word' id='word_1_192' title='bbox 1475 2804 1757 2862; x_wconf 86' lang='lat' dir='ltr'>attribui</span> <span class='ocrx_word' id='word_1_193' title='bbox 1809 2804 2198 2862; x_wconf 82' lang='lat' dir='ltr'>auctoritati</span> <span class='ocrx_word' id='word_1_194' title='bbox 2254 2804 2463 2877; x_wconf 88' lang='lat' dir='ltr'>civili,</span> <span class='ocrx_word' id='word_1_195' title='bbox 2519 2811 2586 2861; x_wconf 89' lang='lat' dir='ltr'>et</span> <span class='ocrx_word' id='word_1_196' title='bbox 2632 2804 2730 2862; x_wconf 86' lang='lat' dir='ltr'>ita</span> <span class='ocrx_word' id='word_1_197' title='bbox 2784 2803 3078 2876; x_wconf 85' lang='lat' dir='ltr'>quidem</span> 
     </span>
     <span class='ocr_line' id='line_1_31' title="bbox 824 2883 3072 2958; baseline -0.002 -16"><span class='ocrx_word' id='word_1_198' title='bbox 824 2883 1125 2953; x_wconf 87' lang='lat' dir='ltr'>attribui,</span> <span class='ocrx_word' id='word_1_199' title='bbox 1153 2884 1505 2942; x_wconf 90' lang='lat' dir='ltr'>utnullum</span> <span class='ocrx_word' id='word_1_200' title='bbox 1558 2885 1675 2943; x_wconf 90' lang='lat' dir='ltr'>alli</span> <span class='ocrx_word' id='word_1_201' title='bbox 1718 2886 2118 2958; x_wconf 85' lang='lat' dir='ltr'>cuicumque</span> <span class='ocrx_word' id='word_1_202' title='bbox 2175 2883 2569 2943; x_wconf 83' lang='lat' dir='ltr'>auctoritati</span> <span class='ocrx_word' id='word_1_203' title='bbox 2611 2897 3072 2956; x_wconf 85' lang='lat' dir='ltr'>recognosca-</span> 
     </span>
     <span class='ocr_line' id='line_1_32' title="bbox 824 2962 3074 3038; baseline -0.001 -16"><span class='ocrx_word' id='word_1_204' title='bbox 824 2971 931 3023; x_wconf 90' lang='lat' dir='ltr'>tur</span> <span class='ocrx_word' id='word_1_205' title='bbox 956 2965 1067 3038; x_wconf 88' lang='lat' dir='ltr'>jus</span> <span class='ocrx_word' id='word_1_206' title='bbox 1096 2964 1515 3022; x_wconf 85' lang='lat' dir='ltr'>immiscendi</span> <span class='ocrx_word' id='word_1_207' title='bbox 1548 2982 1616 3022; x_wconf 86' lang='lat' dir='ltr'>se</span> <span class='ocrx_word' id='word_1_208' title='bbox 1647 2965 1717 3022; x_wconf 91' lang='lat' dir='ltr'>in</span> <span class='ocrx_word' id='word_1_209' title='bbox 1742 2965 2102 3038; x_wconf 87' lang='lat' dir='ltr'>disciplina</span> <span class='ocrx_word' id='word_1_210' title='bbox 2137 2966 2544 3036; x_wconf 87' lang='lat' dir='ltr'>scholarum,</span> <span class='ocrx_word' id='word_1_211' title='bbox 2603 2964 2674 3020; x_wconf 91' lang='lat' dir='ltr'>in</span> <span class='ocrx_word' id='word_1_212' title='bbox 2726 2962 3074 3037; x_wconf 85' lang='lat' dir='ltr'>regimine</span> 
     </span>
     <span class='ocr_line' id='line_1_33' title="bbox 826 3043 3072 3118; baseline -0.001 -15"><span class='ocrx_word' id='word_1_213' title='bbox 826 3045 1219 3116; x_wconf 89' lang='lat' dir='ltr'>studiorum,</span> <span class='ocrx_word' id='word_1_214' title='bbox 1257 3045 1324 3102; x_wconf 92' lang='lat' dir='ltr'>in</span> <span class='ocrx_word' id='word_1_215' title='bbox 1357 3046 1691 3118; x_wconf 85' lang='lat' dir='ltr'>graduum</span> <span class='ocrx_word' id='word_1_216' title='bbox 1721 3046 2103 3118; x_wconf 89' lang='lat' dir='ltr'>collatione,</span> <span class='ocrx_word' id='word_1_217' title='bbox 2147 3046 2216 3103; x_wconf 91' lang='lat' dir='ltr'>in</span> <span class='ocrx_word' id='word_1_218' title='bbox 2242 3045 2512 3103; x_wconf 88' lang='lat' dir='ltr'>delectu</span> <span class='ocrx_word' id='word_1_219' title='bbox 2561 3054 2678 3103; x_wconf 85' lang='lat' dir='ltr'>aut</span> <span class='ocrx_word' id='word_1_220' title='bbox 2729 3043 3072 3118; x_wconf 82' lang='lat' dir='ltr'>approba-</span> 
     </span>
     <span class='ocr_line' id='line_1_34' title="bbox 825 3125 1668 3220; baseline -0.001 -36"><span class='ocrx_word' id='word_1_221' title='bbox 825 3125 1006 3184; x_wconf 89' lang='lat' dir='ltr'>tione</span> <span class='ocrx_word' id='word_1_222' title='bbox 1033 3126 1511 3199; x_wconf 85' lang='lat' dir='ltr'>magistrorum</span> <span class='ocrx_word' id='word_1_223' title='bbox 1552 3126 1668 3220; x_wconf 59' lang='lat'>(7).</span> 
     </span>
    </p>

    <p class='ocr_par' dir='ltr' id='par_1_10' title="bbox 828 3201 3078 3362">
     <span class='ocr_line' id='line_1_35' title="bbox 984 3201 3078 3279; baseline -0.001 -17"><span class='ocrx_word' id='word_1_224' title='bbox 984 3204 1219 3263; x_wconf 90' lang='lat' dir='ltr'>XLVI.</span> <span class='ocrx_word' id='word_1_225' title='bbox 1305 3205 1514 3264; x_wconf 91' lang='lat' dir='ltr'>Immo</span> <span class='ocrx_word' id='word_1_226' title='bbox 1547 3206 1616 3263; x_wconf 90' lang='grc'>111</span> <span class='ocrx_word' id='word_1_227' title='bbox 1647 3205 1811 3279; x_wconf 90' lang='lat' dir='ltr'>ipsis</span> <span class='ocrx_word' id='word_1_228' title='bbox 1845 3204 2252 3263; x_wconf 89' lang='lat' dir='ltr'>clericorum</span> <span class='ocrx_word' id='word_1_229' title='bbox 2275 3203 2682 3276; x_wconf 88' lang='lat' dir='ltr'>seminariis,</span> <span class='ocrx_word' id='word_1_230' title='bbox 2709 3201 3078 3260; x_wconf 84' lang='lat' dir='ltr'>methodus</span> 
     </span>
     <span class='ocr_line' id='line_1_36' title="bbox 828 3283 2791 3383; baseline -0.003 -38"><span class='ocrx_word' id='word_1_231' title='bbox 828 3287 1199 3350; x_wconf 87' lang='lat' dir='ltr'>studiorum</span> <span class='ocrx_word' id='word_1_232' title='bbox 1232 3285 1616 3344; x_wconf 83' lang='lat' dir='ltr'>adhibenda</span> <span class='ocrx_word' id='word_1_233' title='bbox 1648 3285 1837 3343; x_wconf 85' lang='lat' dir='ltr'>civili</span> <span class='ocrx_word' id='word_1_234' title='bbox 1858 3286 2248 3383; x_wconf 84' lang='lat' dir='ltr'>auctoritati</span> <span class='ocrx_word' id='word_1_235' title='bbox 2279 3284 2641 3361; x_wconf 82' lang='lat' dir='ltr'>subjicitur</span> <span class='ocrx_word' id='word_1_236' title='bbox 2675 3283 2791 3362; x_wconf 90' lang='lat'>(8).</span> 
     </span>
    </p>
   </div>
   <div class='ocr_carea' id='block_1_4' title="bbox 858 3376 1067 3382">
    <p class='ocr_par' dir='ltr' id='par_1_11' title="bbox 858 3376 1067 3382">
     <span class='ocr_line' id='line_1_37' title="bbox 858 3376 1067 3382; baseline 0 0"><span class='ocrx_word' id='word_1_237' title='bbox 858 3376 1067 3382; x_wconf 95' lang='lat' dir='ltr'> </span> 
     </span>
    </p>
   </div>
   <div class='ocr_carea' id='block_1_5' title="bbox 1076 3375 1251 3381">
    <p class='ocr_par' dir='ltr' id='par_1_12' title="bbox 1076 3375 1251 3381">
     <span class='ocr_line' id='line_1_38' title="bbox 1076 3375 1251 3381; baseline 0 0"><span class='ocrx_word' id='word_1_238' title='bbox 1076 3375 1251 3381; x_wconf 95' lang='lat' dir='ltr'> </span> 
     </span>
    </p>
   </div>
   <div class='ocr_carea' id='block_1_6' title="bbox 968 3426 2359 3514">
    <p class='ocr_par' dir='ltr' id='par_1_13' title="bbox 968 3426 2359 3514">
     <span class='ocr_line' id='line_1_39' title="bbox 968 3426 2359 3514; baseline -0.002 -15"><span class='ocrx_word' id='word_1_239' title='bbox 968 3448 1043 3512; x_wconf 84' lang='lat'>(1)</span> <span class='ocrx_word' id='word_1_240' title='bbox 1117 3445 1291 3497; x_wconf 88' lang='lat' dir='ltr'>Alloc.</span> <span class='ocrx_word' id='word_1_241' title='bbox 1319 3443 1576 3499; x_wconf 77' lang='lat' dir='ltr'>Maxima</span> <span class='ocrx_word' id='word_1_242' title='bbox 1600 3444 1826 3514; x_wconf 77' lang='lat' dir='ltr'>quidem,</span> <span class='ocrx_word' id='word_1_243' title='bbox 1855 3449 1885 3498; x_wconf 88' lang='grc'>9</span> <span class='ocrx_word' id='word_1_244' title='bbox 1919 3447 2248 3514; x_wconf 80' lang='lat' dir='ltr'>junii1862.</span> <span class='ocrx_word' id='word_1_245' title='bbox 2346 3426 2359 3446; x_wconf 66' lang='lat'>⁵</span> 
     </span>
    </p>
   </div>
   <div class='ocr_carea' id='block_1_7' title="bbox 829 3511 3089 3658">
    <p class='ocr_par' dir='ltr' id='par_1_14' title="bbox 829 3511 3089 3658">
     <span class='ocr_line' id='line_1_40' title="bbox 968 3511 3089 3587; baseline -0.002 -17"><span class='ocrx_word' id='word_1_246' title='bbox 968 3520 1047 3584; x_wconf 76' lang='lat'>(2)</span> <span class='ocrx_word' id='word_1_247' title='bbox 1120 3517 1303 3584; x_wconf 88' lang='lat' dir='ltr'>Epist.</span> <span class='ocrx_word' id='word_1_248' title='bbox 1336 3518 1565 3585; x_wconf 87' lang='lat' dir='ltr'>Encycl.</span> <span class='ocrx_word' id='word_1_249' title='bbox 1598 3516 1705 3585; x_wconf 71' lang='lat' dir='ltr'>Qui</span> <span class='ocrx_word' id='word_1_250' title='bbox 1726 3517 1994 3587; x_wconf 75' lang='lat' dir='ltr'>pluribus,</span> <span class='ocrx_word' id='word_1_251' title='bbox 2028 3517 2062 3570; x_wconf 84' lang='lat'>9</span> <span class='ocrx_word' id='word_1_252' title='bbox 2085 3519 2419 3574; x_wconf 82' lang='lat' dir='ltr'>novembris</span> <span class='ocrx_word' id='word_1_253' title='bbox 2448 3519 2605 3572; x_wconf 84' lang='grc'>1846.</span> <span class='ocrx_word' id='word_1_254' title='bbox 2633 3515 2811 3569; x_wconf 80' lang='lat' dir='ltr'>Alloc.</span> <span class='ocrx_word' id='word_1_255' title='bbox 2865 3511 3089 3582; x_wconf 73' lang='lat' dir='ltr'>Quibus</span> 
     </span>
     <span class='ocr_line' id='line_1_41' title="bbox 829 3590 1636 3658; baseline -0.003 -15"><span class='ocrx_word' id='word_1_256' title='bbox 829 3591 1169 3658; x_wconf 79' lang='lat' dir='ltr'>quantisque,</span> <span class='ocrx_word' id='word_1_257' title='bbox 1192 3591 1259 3640; x_wconf 86' lang='lat'>20</span> <span class='ocrx_word' id='word_1_258' title='bbox 1284 3590 1459 3655; x_wconf 80' lang='lat' dir='ltr'>apriis</span> <span class='ocrx_word' id='word_1_259' title='bbox 1483 3591 1636 3643; x_wconf 82' lang='lat'>1849.</span> 
     </span>
    </p>
   </div>
   <div class='ocr_carea' id='block_1_8' title="bbox 972 3659 2524 3802">
    <p class='ocr_par' dir='ltr' id='par_1_15' title="bbox 972 3659 2524 3802">
     <span class='ocr_line' id='line_1_42' title="bbox 972 3659 2524 3802; baseline 0 -90"><span class='ocrx_word' id='word_1_260' title='bbox 972 3665 1054 3802; x_wconf 53' lang='lat' dir='ltr'>gp)</span> <span class='ocrx_word' id='word_1_261' title='bbox 1126 3661 1260 3786; x_wconf 45' lang='lat' dir='ltr'>liat-t.</span> <span class='ocrx_word' id='word_1_262' title='bbox 1266 3661 1478 3786; x_wconf 52' lang='grc' dir='ltr'>ἓροεη.</span> <span class='ocrx_word' id='word_1_263' title='bbox 1506 3659 1595 3713; x_wconf 79' lang='lat' dir='ltr'>Ad</span> <span class='ocrx_word' id='word_1_264' title='bbox 1619 3659 1983 3731; x_wconf 78' lang='lat' dir='ltr'>Apostolicae,</span> <span class='ocrx_word' id='word_1_265' title='bbox 2009 3664 2076 3714; x_wconf 78' lang='lat'>22</span> <span class='ocrx_word' id='word_1_266' title='bbox 2104 3663 2340 3732; x_wconf 71' lang='lat' dir='ltr'>augusti</span> <span class='ocrx_word' id='word_1_267' title='bbox 2368 3663 2524 3716; x_wconf 80' lang='lat'>1851.</span> 
     </span>
     <span class='ocr_line' id='line_1_43' title="bbox 1247 3749 1262 3784; baseline 0 0"><span class='ocrx_word' id='word_1_268' title='bbox 1247 3749 1262 3784; x_wconf 85' lang='lat'>1</span> 
     </span>
    </p>
   </div>
   <div class='ocr_carea' id='block_1_9' title="bbox 832 3796 3100 3944">
    <p class='ocr_par' dir='ltr' id='par_1_16' title="bbox 832 3796 3100 3944">
     <span class='ocr_line' id='line_1_44' title="bbox 970 3796 3100 3874; baseline -0.007 -18"><span class='ocrx_word' id='word_1_269' title='bbox 970 3808 1046 3871; x_wconf 82' lang='grc' dir='ltr'>(ὅ)</span> <span class='ocrx_word' id='word_1_270' title='bbox 1120 3805 1296 3858; x_wconf 88' lang='lat' dir='ltr'>Alloc.</span> <span class='ocrx_word' id='word_1_271' title='bbox 1323 3801 1397 3857; x_wconf 79' lang='lat' dir='ltr'>ln</span> <span class='ocrx_word' id='word_1_272' title='bbox 1426 3801 1816 3874; x_wconf 69' lang='lat' dir='ltr'>Cmtsistoriali,</span> <span class='ocrx_word' id='word_1_273' title='bbox 1847 3807 1872 3857; x_wconf 92' lang='lat'>1</span> <span class='ocrx_word' id='word_1_274' title='bbox 1912 3802 2162 3858; x_wconf 87' lang='lat' dir='ltr'>novemb</span> <span class='ocrx_word' id='word_1_275' title='bbox 2206 3813 2256 3864; x_wconf 61' lang='grc' dir='ltr'>ἰε</span> <span class='ocrx_word' id='word_1_276' title='bbox 2284 3807 2442 3862; x_wconf 83' lang='lat'>1850</span> <span class='ocrx_word' id='word_1_277' title='bbox 2468 3803 2646 3858; x_wconf 76' lang='lat' dir='ltr'>Auoc</span> <span class='ocrx_word' id='word_1_278' title='bbox 2668 3797 2872 3854; x_wconf 58' lang='lat' dir='ltr'>Multi,</span> <span class='ocrx_word' id='word_1_279' title='bbox 2904 3796 3100 3868; x_wconf 61' lang='grc' dir='ltr'>φηρὶ-</span> 
     </span>
     <span class='ocr_line' id='line_1_45' title="bbox 832 3874 1675 3944; baseline 0 -16"><span class='ocrx_word' id='word_1_280' title='bbox 832 3874 1048 3944; x_wconf 77' lang='lat' dir='ltr'>busque,</span> <span class='ocrx_word' id='word_1_281' title='bbox 1078 3874 1142 3928; x_wconf 87' lang='grc'>17</span> <span class='ocrx_word' id='word_1_282' title='bbox 1171 3875 1491 3931; x_wconf 83' lang='lat' dir='ltr'>decembris</span> <span class='ocrx_word' id='word_1_283' title='bbox 1521 3878 1675 3928; x_wconf 88' lang='grc'>1860.</span> 
     </span>
    </p>
   </div>
   <div class='ocr_carea' id='block_1_10' title="bbox 832 3939 3104 4088">
    <p class='ocr_par' dir='ltr' id='par_1_17' title="bbox 832 3939 3104 4088">
     <span class='ocr_line' id='line_1_46' title="bbox 974 3939 3104 4088; baseline -0.002 -89"><span class='ocrx_word' id='word_1_284' title='bbox 974 3952 1069 4014; x_wconf 86' lang='grc'>(6)</span> <span class='ocrx_word' id='word_1_285' title='bbox 1118 3947 1294 4000; x_wconf 87' lang='lat' dir='ltr'>Alloc.</span> <span class='ocrx_word' id='word_1_286' title='bbox 1322 3950 1397 4000; x_wconf 78' lang='lat' dir='ltr'>In</span> <span class='ocrx_word' id='word_1_287' title='bbox 1426 3944 1824 4004; x_wconf 74' lang='lat' dir='ltr'>Consistom&#39;ati.</span> <span class='ocrx_word' id='word_1_288' title='bbox 1858 3947 2121 4001; x_wconf 81' lang='lat' dir='ltr'>luove</span> <span class='ocrx_word' id='word_1_289' title='bbox 2065 3939 2260 4088; x_wconf 53' lang='lat' dir='ltr'>rsons</span> <span class='ocrx_word' id='word_1_290' title='bbox 2288 3952 2444 4006; x_wconf 85' lang='grc'>1850.</span> <span class='ocrx_word' id='word_1_291' title='bbox 2477 3945 2652 4001; x_wconf 90' lang='lat' dir='ltr'>Alloc.</span> <span class='ocrx_word' id='word_1_292' title='bbox 2692 3941 2954 3996; x_wconf 73' lang='lat' dir='ltr'>Maxima</span> <span class='ocrx_word' id='word_1_293' title='bbox 2980 3942 3104 4011; x_wconf 76' lang='lat' dir='ltr'>qui-</span> 
     </span>
     <span class='ocr_line' id='line_1_47' title="bbox 832 4015 1386 4086; baseline 0 -16"><span class='ocrx_word' id='word_1_294' title='bbox 832 4015 1386 4086; x_wconf 69' lang='lat' dir='ltr'>dem,91unii1852.</span> 
     </span>
    </p>
   </div>
   <div class='ocr_carea' id='block_1_11' title="bbox 833 4084 3103 4229">
    <p class='ocr_par' dir='ltr' id='par_1_18' title="bbox 833 4084 3103 4229">
     <span class='ocr_line' id='line_1_48' title="bbox 969 4084 3103 4159; baseline -0.007 -16"><span class='ocrx_word' id='word_1_295' title='bbox 969 4090 1045 4154; x_wconf 84' lang='grc'>(7)</span> <span class='ocrx_word' id='word_1_296' title='bbox 1118 4091 1293 4143; x_wconf 86' lang='lat' dir='ltr'>A.lloc</span> <span class='ocrx_word' id='word_1_297' title='bbox 1322 4087 1393 4142; x_wconf 73' lang='lat' dir='ltr'>In</span> <span class='ocrx_word' id='word_1_298' title='bbox 1422 4087 1814 4159; x_wconf 74' lang='lat' dir='ltr'>Consistorz&#39;ali,</span> <span class='ocrx_word' id='word_1_299' title='bbox 1845 4093 1871 4143; x_wconf 91' lang='lat'>1</span> <span class='ocrx_word' id='word_1_300' title='bbox 1900 4099 2255 4156; x_wconf 65' lang='lat' dir='ltr'>noveoembrig</span> <span class='ocrx_word' id='word_1_301' title='bbox 2277 4091 2662 4148; x_wconf 76' lang='lat' dir='ltr'>1850,A1100</span> <span class='ocrx_word' id='word_1_302' title='bbox 2721 4084 2934 4156; x_wconf 64' lang='lat' dir='ltr'>Quibus</span> <span class='ocrx_word' id='word_1_303' title='bbox 2987 4084 3103 4140; x_wconf 71' lang='lat' dir='ltr'>luc-</span> 
     </span>
     <span class='ocr_line' id='line_1_49' title="bbox 833 4159 1788 4229; baseline 0.001 -15"><span class='ocrx_word' id='word_1_304' title='bbox 833 4159 1169 4229; x_wconf 74' lang='lat' dir='ltr'>tuosissimis,</span> <span class='ocrx_word' id='word_1_305' title='bbox 1196 4165 1227 4213; x_wconf 78' lang='lat' dir='ltr'>o</span> <span class='ocrx_word' id='word_1_306' title='bbox 1254 4161 1600 4229; x_wconf 84' lang='lat' dir='ltr'>septembris</span> <span class='ocrx_word' id='word_1_307' title='bbox 1634 4164 1788 4216; x_wconf 78' lang='lat'>1851.</span> 
     </span>
    </p>
   </div>
   <div class='ocr_carea' id='block_1_12' title="bbox 981 4230 2458 4314">
    <p class='ocr_par' dir='ltr' id='par_1_19' title="bbox 981 4230 2458 4314">
     <span class='ocr_line' id='line_1_50' title="bbox 981 4230 2458 4314; baseline 0.004 -30"><span class='ocrx_word' id='word_1_308' title='bbox 981 4231 1057 4303; x_wconf 89' lang='grc'>(8)</span> <span class='ocrx_word' id='word_1_309' title='bbox 1134 4233 1308 4287; x_wconf 85' lang='lat' dir='ltr'>Alloc.</span> <span class='ocrx_word' id='word_1_310' title='bbox 1338 4230 1641 4314; x_wconf 73' lang='lat' dir='ltr'>Nunquam</span> <span class='ocrx_word' id='word_1_311' title='bbox 1653 4231 1804 4304; x_wconf 83' lang='lat' dir='ltr'>fore</span> <span class='ocrx_word' id='word_1_312' title='bbox 1831 4238 1897 4289; x_wconf 83' lang='lat'>15</span> <span class='ocrx_word' id='word_1_313' title='bbox 1925 4233 2012 4287; x_wconf 59' lang='grc' dir='ltr'>ὀί</span> <span class='ocrx_word' id='word_1_314' title='bbox 1996 4241 2280 4304; x_wconf 59' lang='grc' dir='ltr'>θος-11111113</span> <span class='ocrx_word' id='word_1_315' title='bbox 2303 4240 2458 4292; x_wconf 79' lang='grc'>18.56</span> 
     </span>
    </p>
   </div>
   <div class='ocr_carea' id='block_1_13' title="bbox 3260 1800 3285 2553">
    <p class='ocr_par' dir='ltr' id='par_1_20' title="bbox 3260 1800 3285 2553">
     <span class='ocr_line' id='line_1_51' title="bbox 3260 1800 3285 2553; baseline 0 0"><span class='ocrx_word' id='word_1_316' title='bbox 3260 1800 3285 2553; x_wconf 95' lang='lat' dir='ltr'> </span> 
     </span>
    </p>
   </div>
  </div>
 </body>
</html>
