3332 5100
1340 362 1654 421 ..95-

373 505 823 591 manifestum
856 512 979 587 cst,
1030 512 1105 571 ut
1151 506 1413 571 cunctis
1458 506 1851 592 reqionibus
1898 507 2280 589 innotescat
2311 506 2406 588 id,
2436 506 2620 591 quod

372 613 771 693 statuimus,
809 612 1219 677 omnimodis
1250 633 1393 678 csse
1423 614 1865 679 servandum.
2331 664 2340 671 .

556 718 1001 783 Testimonia
1032 719 1623 803 subsequentium
1656 721 2114 786 saeculorum
2156 720 2617 804 praetermis-

372 826 625 906 simus,
663 826 833 908 quia
866 825 1199 908 copiosas
1254 825 1742 892 Romanorum
1795 826 2224 892 Pontificum
2257 826 2620 893 Constitu·

372 933 615 998 tiones
648 936 799 997 tum
830 932 905 997 in
962 932 1384 998 authentica
1446 932 1778 1015 Dionysii
1843 932 2105 1017 Exigui
2145 932 2617 1015 collectione,

372 1044 531 1105 tum
566 1040 641 1105 in
678 1040 1206 1121 Decretalibus,
1240 1041 1459 1105 facile
1494 1047 1605 1106 est
1636 1041 1996 1107 invenire.

556 1147 671 1212 86.
768 1146 1074 1212 Romani
1109 1147 1523 1229 Pontifices,
1559 1148 1735 1213 licet
1760 1148 2058 1232 propria
2121 1151 2194 1213 et
2251 1146 2621 1216 ordinaria

381 1254 878 1319 auctoritatae
913 1254 1277 1336 pollerent
1307 1255 1382 1319 in
1406 1255 1813 1321 statuendis
1847 1255 2129 1338 legibus
2169 1259 2243 1319 et
2308 1254 2617 1320 conden-

376 1361 497 1427 dis
532 1361 869 1445 decretis,
907 1380 997 1426 ea
1028 1365 1274 1428 tamen
1298 1363 1713 1447 prudentia,
1745 1369 1964 1449 atque
1990 1362 2484 1429 moderamine
2513 1380 2620 1429 se-

386 1488 471 1535 se
506 1487 805 1553 gessere
834 1470 913 1535 in
946 1472 1297 1537 exercitio
1327 1472 1539 1553 hujus
1565 1471 1976 1553 potestatis,
2021 1474 2097 1537 ut
2123 1470 2316 1537 omni
2351 1475 2622 1553 tempo·

376 1595 467 1643 re
494 1582 827 1643 senatum
850 1578 1249 1661 peculiare,
1288 1596 1579 1661 corpuS,
1610 1583 1689 1644 ut
1713 1579 1816 1643 ita
1843 1578 2106 1661 dicam,
2137 1578 2626 1644 consultivum

379 1682 709 1749 habuere
766 1685 947 1751 viris
988 1685 1439 1769 sapientibus
1473 1687 2036 1783 coalescentem,
2097 1705 2400 1771 quorum
2457 1704 2622 1753 con·

380 1916 559 1987 lapsis
582 1932 615 1970 a
638 1916 987 1985 Martyribus
1012 1920 1071 1971 et
1094 1916 1534 1972 confessoribus
1570 1916 1780 1971 oblatis
1805 1920 1977 1985 ortos,
2015 1917 2260 1971 Litteras
2309 1916 2628 1973 communi-

383 1992 629 2044 catorias
646 1992 871 2041 tantum
898 1989 972 2042 ab
996 1990 1297 2057 Episcopis
1323 1989 1719 2043 concedendas
1745 1993 2086 2043 statuerunt.

530 2060 621 2113 Ex
647 2060 826 2113 veteri
852 2060 1171 2128 disciplina,
1197 2063 1414 2115 multae
1437 2066 1599 2115 erant
1624 2062 1916 2128 Epistolae
1945 2061 2056 2114 sub
2083 2060 2333 2127 generali
2347 2059 2625 2131 formata-

381 2148 515 2187 rum
542 2134 775 2185 nomine
800 2133 1265 2199 comprehensae;
1285 2133 1388 2187 sed
1416 2134 1748 2200 praesertim
1773 2134 2026 2200 quinque
2049 2139 2456 2200 memorantur,
2498 2148 2628 2199 qua-

382 2220 514 2258 rum
541 2208 656 2257 tres
678 2204 928 2257 clericos
948 2204 1351 2271 respiciebant,
1380 2220 1603 2271 nempe,
1626 2202 2010 2269 Dimissoriac,
2037 2203 2287 2257 Litterae
2311 2203 2628 2259 communio·

384 2275 477 2330 m's
486 2290 617 2343 perc
693 2273 808 2327 ‘nae
824 2281 883 2327 et
902 2274 1147 2328 Litterae
1169 2274 1558 2329 communionis
1576 2275 1766 2341 laicae3
1791 2276 1942 2328 aliae
1970 2276 2082 2330 duo
2107 2273 2629 2329 Communicatoriac

386 2353 561 2415 atque
720 2345 1077 2401 mendatitiae
1102 2348 1439 2415 appellatae,
1464 2352 1586 2401 tum
1615 2347 1868 2413 Clericis,
1895 2352 2020 2401 tum
2047 2348 2206 2401 laicis
2231 2346 2628 2415 impertieban-

384 2424 502 2476 tur.

531 2486 911 2560 Dimissoriae,
953 2490 1239 2543 interdum
1288 2489 1463 2542 etiam
1494 2488 1764 2559 pacificae
1812 2492 1871 2542 in
1895 2490 2186 2544 veteribus
2241 2493 2629 2544 monumentis

386 2567 770 2629 nuncupatae,
794 2562 1153 2615 testabantur
1182 2561 1459 2616 clericum
1486 2564 1545 2615 in
1572 2566 1684 2615 alia
1702 2577 1713 2584 ’
1731 2563 1980 2617 dioecesi
2027 2563 2376 2616 domicilium
2426 2565 2629 2617 consti·

387 2635 687 2701 tuendum,
706 2649 835 2686 cum
861 2649 1003 2701 pace
1017 2633 1288 2702 Episcopi
1312 2635 1421 2698 sui,
1444 2649 1518 2686 ex
1544 2635 1780 2701 antiqua
1824 2634 2096 2699 Ecclesia,
2145 2639 2236 2688 cui
2283 2651 2386 2702 per
2410 2634 2630 2688 ordina-

390 2706 605 2760 tionem
634 2703 1084 2772 adscribebatur‚
1112 2706 1294 2758 fuisse
1313 2706 1611 2758 dimissum
1640 2713 1700 2758 et
1723 2705 1796 2756 ab
1821 2707 1948 2773 ejus
1973 2707 2207 2760 servitio
2249 2705 2414 2774 quasi
2443 2721 2631 2759 eman-

390 2777 659 2845 cipatum:
690 2775 941 2830 Litterae
966 2776 1353 2830 communionis
1369 2776 1696 2844 peregrinae
1716 2775 1950 2830 Clericis
1993 2792 2178 2843 poena
2227 2777 2629 2844 suspensionis

390 2848 683 2902 mulctatis
700 2846 1173 2914 expediebantur,
1208 2853 1271 2900 ut
1296 2864 1331 2900 a
1356 2849 1533 2901 sacris
1558 2848 1838 2900 faciendis
1861 2853 2204 2902 arcerentur:
2236 2849 2481 2901 Litterae
2499 2864 2632 2904 com·

388 2918 664 2974 munionis
685 2917 859 2972 laicae
881 2919 1253 2972 tradebantur
1272 2920 1506 2972 Clericis
1526 2920 1866 2984 gravissima
1901 2920 2278 2987 depositionis
2328 2935 2517 2987 poena
2557 2921 2632 2974 ad

390 2991 783 3046 conditionem
812 3006 967 3044 mere
993 2991 1249 3044 laicalem
1276 2991 1581 3044 damnatis.

541 3059 1079 3129 Communicatoriaa
1100 3063 1378 3130 pacificae,
1425 3061 1813 3115 ecclesiasticae
1861 3064 1920 3115 et
1961 3059 2252 3115 cammicae
2300 3065 2514 3130 passim
2541 3077 2632 3117 vo-

390 3137 572 3200 catae,
598 3133 832 3185 Clericis
860 3141 918 3186 et
940 3135 1099 3186 laicis
1126 3135 1233 3186 iter
1257 3149 1359 3200 per
1382 3134 1625 3186 alienam
1653 3134 1959 3186 dioecesim
1989 3135 2226 3186 facturis
2251 3133 2632 3186 concedeban-

390 3209 486 3259 tur
509 3205 570 3257 in
586 3204 979 3258 testimonium
996 3205 1371 3258 orthodoxiae
1390 3209 1449 3257 et
1467 3205 1888 3258 ecclesiasticae
1906 3207 2340 3260 communionis:
2365 3203 2634 3260 Commen-

390 3274 639 3330 datoriae
661 3291 765 3329 seu
794 3273 1275 3330 Commendatitiae
1297 3276 1684 3343 largiebantur
1706 3277 1797 3330 vel
1835 3278 1973 3329 viris
1997 3275 2401 3331 illustrioribus
2427 3277 2501 3330 ob
2528 3292 2634 3330 sua

390 3349 614 3413 merita,
643 3349 732 3400 vel
756 3345 1040 3411 fidelibus,
1082 3363 1319 3414 quorum
1361 3348 1714 3401 existimatio
1739 3348 1800 3399 in
1835 3347 2077 3401 dubium
2127 3353 2391 3402 revocata
2427 3349 2633 3416 fuerat,

394 3421 488 3474 vel
516 3417 751 3471 Clericis
777 3419 839 3470 in
859 3422 1085 3472 exteras
1105 3419 1366 3487 regiones
1392 3420 1733 3484 profecturis

537 3489 626 3542 Ex
662 3491 979 3543 novissima
1022 3505 1157 3544 vero
1204 3491 1524 3558 disciplina,
1570 3493 1779 3558 triplex
1827 3489 2252 3558 Episcopalium
2293 3487 2633 3543 Litterarum

392 3577 575 3628 genus
592 3561 913 3628 adhibetur,
932 3564 991 3614 et
1011 3562 1239 3627 quidem
1267 3578 1368 3629 pro
1384 3561 1521 3614 solis
1542 3561 1793 3625 Clericis,
1820 3562 2086 3614 videlicet
2110 3559 2489 3627 Dimissoriae,
2517 3559 2633 3613 Tes-

392 3631 703 3688 &moniales
726 3637 785 3685 et
815 3631 1241 3687 Transitorialcs
1268 3633 1623 3701 (hispanice).
1666 3631 2030 3687 Dim-issoriac
2058 3630 2429 3695 (Reverendae
2466 3634 2634 3699 juxta

392 3705 812 3765 Tridentinum)
836 3703 911 3756 ab
936 3705 1221 3772 Episcopo
1242 3707 1472 3772 proprio
1496 3705 1706 3758 dantur
1727 3721 1842 3758 non
1870 3721 1972 3772 pro
1992 3705 2267 3758 solvenda
2293 3706 2416 3770 lege
2459 3705 2635 3756 incar·

391 3775 707 3830 dinationis
731 3791 836 3828 seu
882 3775 1298 3845 adscriptionis‚
1342 3778 1446 3830 sed
1487 3792 1591 3844 pro
1617 3777 1976 3830 ordinatione
2002 3775 2076 3828 ab
2125 3775 2410 3843 Episcopo
2449 3774 2634 3828 alieno

392 3847 777 3914 suscipienda:
812 3843 1220 3902 Testimonialcs
1242 3852 1301 3901 et
1330 3846 1756 3902 Transitoriales
1779 3849 1900 3901 fere
1929 3847 2128 3900 eodem
2153 3861 2329 3914 scopo
2370 3850 2430 3899 et
2459 3861 2635 3900 sensu

392 3935 461 3973 ac
486 3921 549 3972 in
568 3918 752 3972 veteri
771 3918 1073 3984 disciplina
1096 3919 1269 3972 tribui
1291 3921 1495 3973 solent.

536 3989 864 4056 Aliquando
888 3992 1249 4044 necessitatis
1291 3991 1384 4044 vel
1414 3991 1673 4044 utilitatis
1699 3990 1990 4044 Ecclesiae
2031 3989 2252 4043 ratione
2293 3989 2510 4055 habita,
2536 3994 2636 4043 aut

388 4060 778 4131 peculiaribus
795 4076 1169 4128 personarum
1195 4062 1482 4129 adjunctis
1520 4063 1812 4132 inspectis,
1837 4061 2106 4129 Episcopi
2134 4077 2208 4115 no
2252 4062 2424 4114 nullis
2469 4061 2634 4116 Cleri-

390 4133 477 4187 cis
500 4133 813 4187 concedere
838 4138 1178 4187 assuescunt
1200 4133 1359 4201 quod
1381 4130 1569 4188 Exeat
1591 4135 1935 4196 nominatur,
1959 4135 2210 4200 speciem
2273 4133 2634 4186 eclarationis

387 4207 517 4260 sive
531 4205 935 4271 attestationis,
959 4204 1300 4258 dimissoriis
1325 4206 1590 4273 antiquae
1615 4204 1955 4273 disciplinae
1981 4207 2206 4273 similis,
2230 4207 2291 4257 ixi
2305 4221 2420 4272 qua
2445 4205 2633 4270 benig-

388 4276 467 4331 ne
488 4276 842 4348 permittitur
864 4291 1129 4341 egressus
1154 4291 1227 4330 ex
1245 4276 1473 4344 propria
1487 4281 1546 4330 et
1566 4277 1946 4331 incardinatio
1960 4276 2022 4330 in
2041 4276 2288 4332 alienam
2308 4277 2628 4330 dioecesim.
