3332 5100
1343 300 1695 361 -349—

395 446 639 503 mentis
669 444 845 504 tueri
873 459 994 519 pro
1025 444 1524 519 opportunitate
1573 445 1995 503 studuerunt:
2028 442 2421 521 romanique
2466 444 2633 503 Pon-

394 526 614 585 tifices
643 524 900 584 invicta
929 524 1138 584 animi
1167 525 1549 583 constantia
1581 526 1909 584 adversus
1963 533 2463 599 oppugnatores
2489 526 2631 585 vin-

394 607 629 665 dicare
655 621 1024 680 numquam
1051 605 1931 679 praetermiserunt—Quin
1964 606 2169 664 etiam
2224 613 2291 666 et
2321 606 2634 681 opinione

397 693 465 747 et
489 703 564 746 re
597 688 905 745 eamdem
933 686 1307 761 probarunt
1334 686 1465 761 ipsi
1490 686 1622 745 viri
1653 686 1995 761 principes
2026 702 2389 761 rerumque
2419 687 2634 761 publi-

395 783 633 827 carum
659 768 1172 840 gubernator-ea
1205 772 1280 825 ut
1311 766 1428 840 qui
1457 766 1887 842 paciscendo,
1923 766 2385 841 transigendis
2432 782 2634 842 nego-

397 848 532 921 tiis,
589 848 935 907 mittendis
986 846 1423 921 vicissimque
1473 846 1891 921 accipiendis
1939 846 2207 921 legati8‚
2245 853 2447 920 atque
2476 847 2635 905 alio-

391 943 550 988 rum
597 931 967 988 mutatione
1021 926 1416 1001 officiorum,
1478 944 1687 1002 agere
1738 943 1891 987 cum
1942 926 2250 986 Ecclesia
2291 933 2637 1001 tamquam

396 1023 550 1068 cum
581 1024 894 1083 suprema
924 1014 1260 1083 potestate
1289 1009 1596 1083 legitima
1624 1007 2465 1082 consueverunt.—-Neque
2488 1023 2635 1082 pro·

321 1102 326 1106 ’
397 1088 578 1147 fecto
635 1088 780 1148 siue
831 1088 1163 1163 singulari
1215 1089 1635 1163 providentis
1685 1088 1811 1147 Dei
1862 1088 2142 1148 consilio
2191 1088 2449 1147 factum
2486 1104 2635 1149 esse

397 1169 813 1229 censendum
843 1174 966 1241 est,
1003 1174 1078 1229 ut
1126 1171 1298 1229 haec
1325 1169 1474 1245 ipsa
1522 1175 1821 1244 potestas
1851 1168 2240 1244 principatu
2284 1168 2495 1243 civili,
2524 1185 2638 1228 ve·

397 1250 500 1309 lut
527 1250 780 1324 optima
807 1249 1147 1309 libertatis
1177 1266 1340 1309 suae
1369 1250 1603 1323 tutela,
1637 1250 2033 1309 muniretur.

557 1329 796 1405 Itaque
825 1330 1006 1389 Deus
1027 1332 1298 1405 generis
1339 1330 1882 1405 procurationem
1911 1329 2088 1388 inter
2134 1330 2303 1389 duas
2349 1335 2637 1404 potesta-

399 1415 500 1469 tes
525 1410 813 1484 partitus
859 1416 980 1485 est,
1015 1412 1278 1471 scilicet
1307 1410 1845 1485 ecclesiasticam
1896 1416 1963 1469 et
2022 1410 2315 1483 civilem,
2354 1411 2639 1469 alteram

399 1491 673 1567 quidem
703 1490 976 1564 divinis,
1008 1492 1293 1551 alteram
1335 1492 1642 1550 humanis
1687 1492 1891 1549 rebus
1932 1492 2409 1565 praepositam.
2444 1490 2637 1551 Utra-

399 1587 532 1646 que
555 1578 657 1630 est
686 1571 755 1629 in
779 1587 896 1629 suo
924 1588 1176 1645 genere
1205 1574 1524 1645 maxima:
1551 1572 1756 1631 habet
1780 1578 2067 1645 utraque
2098 1579 2342 1645 certos,
2392 1572 2639 1646 quibus

397 1651 844 1724 contineatur,
887 1652 1229 1726 terminos,
1273 1668 1520 1725 eosque
1563 1648 1685 1712 su'a
1734 1652 2061 1725 cuiusque
2092 1655 2335 1711 natura
2372 1654 2639 1711 caussa-

398 1748 530 1807 que
563 1732 872 1806 proxima
904 1733 1238 1807 definitos3
1269 1733 1447 1792 unde
1479 1733 1726 1806 aliquis
1776 1732 1963 1790 velut
2005 1732 2189 1792 orbis
2219 1732 2640 1791 circumscri-

395 1812 604 1885 bitur,
630 1812 700 1870 in
739 1828 870 1886 quo
913 1829 1034 1872 sua
1063 1815 1388 1888 cuiusque
1429 1814 1607 1872 actio
1637 1813 1785 1871 iure
1819 1813 2087 1887 proprio
2141 1820 2470 1873 versetur.
2502 1811 2635 1871 Sed

398 1894 559 1967 quia
588 1892 939 1968 utriusque
969 1894 1324 1968 imperium
1353 1903 1456 1952 est
1485 1893 1555 1952 in
1585 1894 1877 1966 eosdem,
1914 1909 2067 1951 cum
2097 1893 2462 1952 usuvenire
2494 1910 2639 1967 pos·

397 1974 504 2047 sit,
537 1980 612 2031 ut
641 1989 750 2031 res
792 1989 927 2031 una
971 1982 1174 2049 atque
1217 1975 1476 2047 eadem,
1509 1990 1918 2049 quamquam
1948 1974 2147 2032 aliter
2182 1980 2382 2047 atque
2414 1975 2637 2047 aliter,

398 2054 519 2113 sed
539 2060 764 2113 tamen
791 2055 1028 2113 eadem
1050 2070 1158 2113 res
1187 2057 1272 2114 ad
1296 2056 1646 2127 utriusque
1671 2055 1773 2113 ius
1796 2054 2255 2127 iudiciumque
2274 2056 2637 2129 pertineat,

396 2135 602 2193 debet
631 2135 1258 2209 providentissimus
1289 2136 1490 2207 Deus,
1519 2152 1558 2195 a
1591 2150 1721 2209 quo
1746 2143 1901 2194 sunt
1932 2136 2171 2194 ambae
2204 2136 2637 2207 constitutae,

395 2215 748 2288 utriusque
805 2215 1050 2274 itinera
1105 2224 1290 2275 recte
1347 2223 1552 2289 atque
1612 2216 1847 2275 ordine
1905 2216 2380 2289 composuisse.
2457 2216 2644 2286 Quae

397 2300 621 2355 autem
649 2300 804 2354 sunt
833 2314 874 2353 a
902 2298 1037 2354 Deo
1063 2299 1407 2356 ordinatae
1427 2302 1581 2355 sunt
1608 2296 1720 2375 (1).
1747 2295 1938 2370 Quod
1961 2297 2031 2354 ni
2062 2298 2156 2354 ita
2186 2304 2385 2368 esset,
2417 2296 2641 2357 funes·

397 2384 621 2435 tarum
645 2391 846 2449 saepe
877 2378 1380 2437 contentionum
1412 2378 2128 2450 concertationumque
2177 2392 2460 2435 caussae
2492 2393 2641 2435 nas-

398 2462 739 2531 cerentur,
770 2473 898 2515 nec
928 2473 1084 2516 raro
1129 2456 1458 2517 sollicitus
1505 2457 1735 2529 animi,
1795 2456 1985 2515 velut
2042 2456 2113 2515 in
2164 2456 2279 2515 via
2332 2457 2639 2531 ancipiti,

397 2538 682 2598 haerere
716 2537 909 2597 homo
933 2538 1234 2611 deberet,
1268 2538 1512 2596 anxius
1543 2538 1705 2611 quid
1730 2536 1913 2596 facto
1947 2552 2111 2612 opus
2146 2542 2341 2610 esset,
2379 2542 2643 2596 contra-

395 2620 500 2678 rio
530 2619 920 2677 iubentibus
950 2619 1128 2678 binis
1186 2618 1656 2695 potestatibus,
1721 2633 2006 2692 quarum
2062 2633 2381 2676 recusare
2429 2615 2643 2694 impe,-

399 2700 597 2772 rium,
629 2699 818 2756 salvo
851 2699 1098 2773 officie,
1135 2706 1542 2774 non-potest.
1577 2699 1784 2771 Atqui
1828 2698 2121 2756 maxime
2173 2699 2355 2756 istud
2403 2715 2646 2774 repug-

397 2787 519 2839 nat
541 2780 624 2837 de
669 2779 1004 2854 sapientia
1033 2781 1335 2854 cogitare
1369 2787 1436 2842 et
1468 2779 1771 2838 bonitate
1804 2779 1950 2852 Dei,
2013 2780 2129 2853 qui
2186 2780 2298 2836 vel
2340 2780 2411 2836 in
2442 2780 2646 2838 rebus

397 2859 722 2936 physici8‚
753 2874 1161 2934 quamquam
1191 2868 1346 2919 sunt
1375 2861 1574 2934 longe
1601 2858 1943 2918 inferioris
1974 2859 2251 2932 ordiniS,
2282 2866 2507 2917 tamen
2532 2877 2645 2918 na-

401 2941 659 3000 turales
691 2941 873 2998 vires
921 2957 1334 3015 caussasque
1365 2941 1660 2998 invicem
1694 2939 2089 2998 conciliavit
2139 2939 2486 2998 moderata
2542 2956 2645 2998 ra·
2715 2951 2722 2955 “

397 3021 582 3082 tione
607 3027 674 3078 et
704 3021 994 3094 quodam
1024 3023 1212 3080 velut
1246 3027 1580 3080 concentu
1600 3020 1918 3094 mirabili,
1955 3021 2049 3078 ita
2094 3027 2167 3078 ut
2197 3020 2385 3078 nulla
2414 3035 2646 3079 earum

397 3101 725 3176 impediat
759 3111 1045 3175 ceterae,
1081 3108 1504 3175 cunctaeque
1531 3101 1729 3159 simul
1759 3100 1943 3172 illuc,
1980 3115 2109 3174 quo
2144 3101 2429 3158 mundus
2461 3117 2643 3174 spec·

397 3189 521 3256 tat,
585 3181 1071 3240 convenienter
1117 3183 1598 3257 aptissimeque
1671 3179 2408 3254 conspirent-Itaque
2471 3182 2647 3239 inter

397 3270 758 3334 utramque
791 3268 1194 3335 potestatem
1227 3263 1561 3337 quaedam
1592 3263 1973 3320 intercedat
1997 3277 2274 3320 necesse
2328 3269 2431 3320 est
2474 3263 2645 3320 ordi·

399 3350 565 3402 nata
627 3341 996 3417 colligati03
1059 3359 1234 3416 quae
1287 3344 1560 3416 quidem
1611 3343 2072 3401 coniunctioni
2122 3358 2255 3400 non
2312 3342 2645 3401 immerito

399 3427 854 3497 comparatur,
890 3438 1010 3496 per
1040 3439 1242 3496 quam
1274 3425 1498 3482 anima
1543 3431 1608 3481 et
1639 3439 1885 3497 corpus
1914 3424 1983 3480 in
2015 3423 2279 3480 homine
2332 3423 2646 3497 copulan-

398 3511 531 3564 tur.
575 3503 806 3577 Qualis
837 3509 1062 3562 autem
1093 3511 1160 3562 et
1184 3511 1438 3577 quanta
1461 3519 1540 3562 ea
1569 3505 1677 3576 sit,
1706 3505 1905 3561 aliter
1934 3503 2227 3562 indicari
2246 3520 2379 3562 non
2402 3509 2642 3576 potest,

397 3586 534 3644 nisi
559 3583 1011 3657 respiciend0,
1044 3585 1143 3642 uti
1175 3585 1492 3658 diximuS,
1529 3585 1616 3641 ad
1645 3587 1997 3656 utriusque
2028 3591 2363 3655 naturam,
2397 3584 2646 3641 haben·

399 3666 624 3738 daque
655 3663 916 3722 ratione
961 3658 1411 3723 excellentiae
1465 3669 1532 3722 et
1582 3663 1956 3722 nobilitatis
2016 3679 2433 3736 caussarum3
2495 3679 2647 3722 cum

398 3745 600 3805 alteri
633 3741 940 3818 proxime
968 3745 1403 3818 maximeque
1434 3743 1849 3818 propositum
1892 3745 1977 3801 sit
2007 3759 2234 3802 rerum
2262 3743 2650 3802 mortalium

397 3841 644 3886 curare
675 3825 1048 3898 commoda,
1095 3826 1295 3884 alteri
1326 3823 1652 3884 coelestia
1682 3841 1765 3882 ac
1805 3823 2217 3897 sempiterna
2247 3823 2423 3882 bona
2473 3839 2647 3883 com-

399 3903 1097 3982 parata—Quidquid
1115 3905 1325 3980 igitur
1357 3911 1458 3964 est
1491 3905 1562 3964 in
1591 3905 1795 3964 rebus
1826 3904 2135 3964 humanis
2159 3919 2425 3979 quoquo
2452 3905 2647 3964 modo

401 4002 689 4059 sacrum,
721 3985 1051 4059 quidquid
1094 3988 1182 4045 ad
1212 3987 1501 4045 salutem
1530 3986 1908 4044 animarum
1937 3985 2280 4044 cultumve
2324 3984 2449 4043 Dei
2503 4001 2647 4059 per-

403 4069 596 4140 tinet,
631 4066 774 4125 sive
806 4067 942 4124 tale
971 4067 1142 4125 illud
1167 4067 1223 4126 si
1253 4074 1498 4127 natura
1525 4082 1671 4140 sua,
1706 4067 1849 4124 sive
1881 4080 2115 4124 rursus
2148 4067 2282 4124 tale
2306 4065 2647 4141 intelliga-

551 4249 625 4316 (1)
695 4245 863 4300 Rom.
883 4245 1050 4312 XIII,
1077 4250 1121 4299 l.

2764 5017 2841 5100 si
