<?xml version="1.0" encoding="UTF-8"?>
<!DOCTYPE html PUBLIC "-//W3C//DTD XHTML 1.0 Transitional//EN"
    "http://www.w3.org/TR/xhtml1/DTD/xhtml1-transitional.dtd">
<html xmlns="http://www.w3.org/1999/xhtml" xml:lang="en" lang="en">
 <head>
  <title>
</title>
<meta http-equiv="Content-Type" content="text/html;charset=utf-8" />
  <meta name='ocr-system' content='tesseract 3.04.00' />
  <meta name='ocr-capabilities' content='ocr_page ocr_carea ocr_par ocr_line ocrx_word'/>
</head>
<body>
  <div class='ocr_page' id='page_1' title='image "./introductioinju00ferngoog_0190.png"; bbox 0 0 3332 5100; ppageno 0'>
   <div class='ocr_carea' id='block_1_1' title="bbox 1634 348 1990 408">
    <p class='ocr_par' dir='ltr' id='par_1_1' title="bbox 1634 348 1990 408">
     <span class='ocr_line' id='line_1_1' title="bbox 1634 348 1990 408; baseline 0 -1"><span class='ocrx_word' id='word_1_1' title='bbox 1634 348 1990 408; x_wconf 80' lang='lat'>-170-</span> 
     </span>
    </p>
   </div>
   <div class='ocr_carea' id='block_1_2' title="bbox 634 490 2959 4335">
    <p class='ocr_par' dir='ltr' id='par_1_2' title="bbox 692 490 2933 1632">
     <span class='ocr_line' id='line_1_2' title="bbox 694 490 2931 576; baseline -0.001 -18"><span class='ocrx_word' id='word_1_2' title='bbox 694 492 967 576; x_wconf 86' lang='lat' dir='ltr'><strong>elicita,</strong></span> <span class='ocrx_word' id='word_1_3' title='bbox 1039 490 1167 556; x_wconf 88' lang='lat' dir='ltr'><strong>sed</strong></span> <span class='ocrx_word' id='word_1_4' title='bbox 1235 496 1513 556; x_wconf 83' lang='lat' dir='ltr'><strong>tantum</strong></span> <span class='ocrx_word' id='word_1_5' title='bbox 1577 492 2082 558; x_wconf 81' lang='lat' dir='ltr'><strong>conclusiones</strong></span> <span class='ocrx_word' id='word_1_6' title='bbox 2140 494 2304 574; x_wconf 89' lang='lat' dir='ltr'><strong>post</strong></span> <span class='ocrx_word' id='word_1_7' title='bbox 2358 492 2655 574; x_wconf 85' lang='lat' dir='ltr'><strong>longam</strong></span> <span class='ocrx_word' id='word_1_8' title='bbox 2721 510 2931 574; x_wconf 81' lang='lat' dir='ltr'><strong>argu-</strong></span> 
     </span>
     <span class='ocr_line' id='line_1_3' title="bbox 692 600 2933 684; baseline -0.001 -20"><span class='ocrx_word' id='word_1_9' title='bbox 692 602 1213 666; x_wconf 87' lang='lat' dir='ltr'><strong>mentationem</strong></span> <span class='ocrx_word' id='word_1_10' title='bbox 1285 602 1559 664; x_wconf 81' lang='lat' dir='ltr'><strong>remote</strong></span> <span class='ocrx_word' id='word_1_11' title='bbox 1630 601 2012 684; x_wconf 85' lang='lat' dir='ltr'><strong>deductae,</strong></span> <span class='ocrx_word' id='word_1_12' title='bbox 2074 600 2320 664; x_wconf 88' lang='lat' dir='ltr'><strong>subtili</strong></span> <span class='ocrx_word' id='word_1_13' title='bbox 2368 600 2933 664; x_wconf 79' lang='lat' dir='ltr'><strong>ratiocinatione</strong></span> 
     </span>
     <span class='ocr_line' id='line_1_4' title="bbox 696 708 2931 790; baseline -0.001 -18"><span class='ocrx_word' id='word_1_14' title='bbox 696 727 873 790; x_wconf 88' lang='lat' dir='ltr'><strong>opus</strong></span> <span class='ocrx_word' id='word_1_15' title='bbox 931 714 1041 772; x_wconf 87' lang='lat' dir='ltr'><strong>est</strong></span> <span class='ocrx_word' id='word_1_16' title='bbox 1091 708 1183 770; x_wconf 82' lang='lat' dir='ltr'><strong>ad</strong></span> <span class='ocrx_word' id='word_1_17' title='bbox 1241 726 1487 772; x_wconf 87' lang='lat' dir='ltr'><strong>eorum</strong></span> <span class='ocrx_word' id='word_1_18' title='bbox 1527 709 1972 773; x_wconf 84' lang='lat' dir='ltr'><strong>evidentiam</strong></span> <span class='ocrx_word' id='word_1_19' title='bbox 2008 708 2585 790; x_wconf 75' lang='lat' dir='ltr'><strong>percipiendam,</strong></span> <span class='ocrx_word' id='word_1_20' title='bbox 2623 708 2931 788; x_wconf 88' lang='lat' dir='ltr'><strong>ideoque</strong></span> 
     </span>
     <span class='ocr_line' id='line_1_5' title="bbox 692 814 2929 897; baseline 0 -18"><span class='ocrx_word' id='word_1_21' title='bbox 692 816 989 880; x_wconf 86' lang='lat' dir='ltr'><strong>rudibus</strong></span> <span class='ocrx_word' id='word_1_22' title='bbox 1025 818 1097 878; x_wconf 90' lang='lat' dir='ltr'><strong>et</strong></span> <span class='ocrx_word' id='word_1_23' title='bbox 1129 814 1652 896; x_wconf 78' lang='lat' dir='ltr'><strong>ignorantibUS,</strong></span> <span class='ocrx_word' id='word_1_24' title='bbox 1694 816 1906 880; x_wconf 86' lang='lat' dir='ltr'><strong>immo</strong></span> <span class='ocrx_word' id='word_1_25' title='bbox 1944 816 2162 880; x_wconf 83' lang='lat' dir='ltr'><strong>etiam</strong></span> <span class='ocrx_word' id='word_1_26' title='bbox 2196 832 2725 897; x_wconf 80' lang='lat' dir='ltr'><strong>saepenumero</strong></span> <span class='ocrx_word' id='word_1_27' title='bbox 2755 816 2929 896; x_wconf 88' lang='lat' dir='ltr'><strong>ipsis</strong></span> 
     </span>
     <span class='ocr_line' id='line_1_6' title="bbox 694 920 2929 1006; baseline 0 -20"><span class='ocrx_word' id='word_1_28' title='bbox 694 924 923 988; x_wconf 87' lang='lat' dir='ltr'><strong>doctis</strong></span> <span class='ocrx_word' id='word_1_29' title='bbox 955 926 1025 984; x_wconf 90' lang='lat' dir='ltr'><strong>et</strong></span> <span class='ocrx_word' id='word_1_30' title='bbox 1059 922 1509 1004; x_wconf 74' lang='lat' dir='ltr'><strong>sapientibus</strong></span> <span class='ocrx_word' id='word_1_31' title='bbox 1545 941 1689 987; x_wconf 91' lang='lat' dir='ltr'><strong>non</strong></span> <span class='ocrx_word' id='word_1_32' title='bbox 1722 940 2008 1006; x_wconf 85' lang='lat' dir='ltr'><strong>semper</strong></span> <span class='ocrx_word' id='word_1_33' title='bbox 2044 922 2320 1004; x_wconf 89' lang='lat' dir='ltr'><strong>liquido</strong></span> <span class='ocrx_word' id='word_1_34' title='bbox 2372 926 2653 1004; x_wconf 84' lang='lat' dir='ltr'><strong>patent.</strong></span> <span class='ocrx_word' id='word_1_35' title='bbox 2711 920 2929 1004; x_wconf 86' lang='lat' dir='ltr'><strong>Cujus</strong></span> 
     </span>
     <span class='ocr_line' id='line_1_7' title="bbox 692 1030 2927 1112; baseline 0 -18"><span class='ocrx_word' id='word_1_36' title='bbox 692 1032 800 1094; x_wconf 90' lang='lat' dir='ltr'><strong>rei</strong></span> <span class='ocrx_word' id='word_1_37' title='bbox 833 1030 1059 1094; x_wconf 82' lang='lat' dir='ltr'><strong>vades</strong></span> <span class='ocrx_word' id='word_1_38' title='bbox 1117 1030 1369 1094; x_wconf 88' lang='lat' dir='ltr'><strong>damus</strong></span> <span class='ocrx_word' id='word_1_39' title='bbox 1403 1034 1551 1092; x_wconf 86' lang='lat' dir='ltr'><strong>tum</strong></span> <span class='ocrx_word' id='word_1_40' title='bbox 1608 1034 1926 1112; x_wconf 77' lang='lat' dir='ltr'><strong>veteres,</strong></span> <span class='ocrx_word' id='word_1_41' title='bbox 1990 1036 2140 1096; x_wconf 90' lang='lat' dir='ltr'><strong>tum</strong></span> <span class='ocrx_word' id='word_1_42' title='bbox 2204 1030 2653 1096; x_wconf 85' lang='lat' dir='ltr'><strong>recentiores</strong></span> <span class='ocrx_word' id='word_1_43' title='bbox 2701 1030 2927 1112; x_wconf 87' lang='lat' dir='ltr'><strong>philo-</strong></span> 
     </span>
     <span class='ocr_line' id='line_1_8' title="bbox 694 1137 2923 1221; baseline -0.001 -19"><span class='ocrx_word' id='word_1_44' title='bbox 694 1138 979 1220; x_wconf 87' lang='lat' dir='ltr'><strong>sophos,</strong></span> <span class='ocrx_word' id='word_1_45' title='bbox 1029 1138 1175 1221; x_wconf 89' lang='lat' dir='ltr'><strong>qui,</strong></span> <span class='ocrx_word' id='word_1_46' title='bbox 1219 1138 1353 1200; x_wconf 87' lang='lat' dir='ltr'><strong>etsi</strong></span> <span class='ocrx_word' id='word_1_47' title='bbox 1389 1137 1677 1220; x_wconf 86' lang='lat' dir='ltr'><strong>ingenio</strong></span> <span class='ocrx_word' id='word_1_48' title='bbox 1716 1156 1804 1202; x_wconf 89' lang='lat' dir='ltr'><strong>ac</strong></span> <span class='ocrx_word' id='word_1_49' title='bbox 1836 1138 2072 1202; x_wconf 88' lang='lat' dir='ltr'><strong>studio</strong></span> <span class='ocrx_word' id='word_1_50' title='bbox 2108 1138 2494 1220; x_wconf 75' lang='lat' dir='ltr'><strong>plurimum</strong></span> <span class='ocrx_word' id='word_1_51' title='bbox 2533 1137 2923 1218; x_wconf 87' lang='lat' dir='ltr'><strong>pollerent,</strong></span> 
     </span>
     <span class='ocr_line' id='line_1_9' title="bbox 698 1244 2925 1326; baseline 0 -18"><span class='ocrx_word' id='word_1_52' title='bbox 698 1250 941 1308; x_wconf 88' lang='lat' dir='ltr'><strong>tamen</strong></span> <span class='ocrx_word' id='word_1_53' title='bbox 975 1246 1253 1326; x_wconf 87' lang='lat' dir='ltr'><strong>rejecta</strong></span> <span class='ocrx_word' id='word_1_54' title='bbox 1289 1244 1537 1310; x_wconf 86' lang='lat' dir='ltr'><strong>divina</strong></span> <span class='ocrx_word' id='word_1_55' title='bbox 1588 1246 2044 1311; x_wconf 83' lang='lat' dir='ltr'><strong>revelatione</strong></span> <span class='ocrx_word' id='word_1_56' title='bbox 2082 1250 2154 1310; x_wconf 89' lang='lat' dir='ltr'><strong>et</strong></span> <span class='ocrx_word' id='word_1_57' title='bbox 2200 1246 2360 1310; x_wconf 87' lang='lat' dir='ltr'><strong>sola</strong></span> <span class='ocrx_word' id='word_1_58' title='bbox 2394 1246 2681 1310; x_wconf 83' lang='lat' dir='ltr'><strong>ratione</strong></span> <span class='ocrx_word' id='word_1_59' title='bbox 2717 1244 2925 1326; x_wconf 89' lang='lat' dir='ltr'><strong>duce,</strong></span> 
     </span>
     <span class='ocr_line' id='line_1_10' title="bbox 692 1352 2927 1436; baseline -0.001 -19"><span class='ocrx_word' id='word_1_60' title='bbox 692 1356 796 1418; x_wconf 85' lang='lat' dir='ltr'><strong>ita</strong></span> <span class='ocrx_word' id='word_1_61' title='bbox 855 1354 929 1416; x_wconf 90' lang='lat' dir='ltr'><strong>in</strong></span> <span class='ocrx_word' id='word_1_62' title='bbox 961 1354 1435 1434; x_wconf 78' lang='lat' dir='ltr'><strong>gravissimos</strong></span> <span class='ocrx_word' id='word_1_63' title='bbox 1469 1370 1754 1418; x_wconf 85' lang='lat' dir='ltr'><strong>errores</strong></span> <span class='ocrx_word' id='word_1_64' title='bbox 1810 1354 2000 1436; x_wconf 87' lang='lat' dir='ltr'><strong>lapsi</strong></span> <span class='ocrx_word' id='word_1_65' title='bbox 2058 1356 2248 1434; x_wconf 87' lang='lat' dir='ltr'><strong>sunt,</strong></span> <span class='ocrx_word' id='word_1_66' title='bbox 2314 1356 2392 1418; x_wconf 87' lang='lat' dir='ltr'><strong>ut</strong></span> <span class='ocrx_word' id='word_1_67' title='bbox 2454 1352 2927 1416; x_wconf 84' lang='lat' dir='ltr'><strong>fundamenta</strong></span> 
     </span>
     <span class='ocr_line' id='line_1_11' title="bbox 696 1460 2929 1542; baseline 0 -18"><span class='ocrx_word' id='word_1_68' title='bbox 696 1478 999 1540; x_wconf 90' lang='lat' dir='ltr'><strong>morum,</strong></span> <span class='ocrx_word' id='word_1_69' title='bbox 1069 1460 1437 1542; x_wconf 86' lang='lat' dir='ltr'><strong>ipsiusque</strong></span> <span class='ocrx_word' id='word_1_70' title='bbox 1499 1461 1874 1526; x_wconf 89' lang='lat' dir='ltr'><strong>societatis</strong></span> <span class='ocrx_word' id='word_1_71' title='bbox 1938 1460 2298 1524; x_wconf 83' lang='lat' dir='ltr'><strong>humanae</strong></span> <span class='ocrx_word' id='word_1_72' title='bbox 2378 1462 2669 1542; x_wconf 87' lang='lat' dir='ltr'><strong>penitus</strong></span> <span class='ocrx_word' id='word_1_73' title='bbox 2731 1460 2929 1524; x_wconf 86' lang='lat' dir='ltr'><strong>labe-</strong></span> 
     </span>
     <span class='ocr_line' id='line_1_12' title="bbox 694 1568 1065 1632; baseline -0.008 0"><span class='ocrx_word' id='word_1_74' title='bbox 694 1568 1065 1632; x_wconf 81' lang='lat' dir='ltr'><strong>factarint.</strong></span> 
     </span>
    </p>

    <p class='ocr_par' dir='ltr' id='par_1_3' title="bbox 690 1674 2939 2703">
     <span class='ocr_line' id='line_1_13' title="bbox 877 1674 2923 1756; baseline 0 -18"><span class='ocrx_word' id='word_1_75' title='bbox 877 1674 1027 1738; x_wconf 77' lang='lat'>147.</span> <span class='ocrx_word' id='word_1_76' title='bbox 1125 1674 1417 1756; x_wconf 84' lang='lat' dir='ltr'><strong>Duplex</strong></span> <span class='ocrx_word' id='word_1_77' title='bbox 1445 1692 1647 1740; x_wconf 87' lang='lat' dir='ltr'><strong>error</strong></span> <span class='ocrx_word' id='word_1_78' title='bbox 1681 1674 2024 1740; x_wconf 82' lang='lat' dir='ltr'><strong>vitandus</strong></span> <span class='ocrx_word' id='word_1_79' title='bbox 2052 1678 2164 1740; x_wconf 89' lang='lat' dir='ltr'><strong>est</strong></span> <span class='ocrx_word' id='word_1_80' title='bbox 2192 1674 2266 1739; x_wconf 90' lang='lat' dir='ltr'><strong>in</strong></span> <span class='ocrx_word' id='word_1_81' title='bbox 2294 1692 2426 1738; x_wconf 92' lang='lat' dir='ltr'><strong>usu</strong></span> <span class='ocrx_word' id='word_1_82' title='bbox 2458 1674 2501 1738; x_wconf 93' lang='lat' dir='ltr'><strong>J</strong></span> <span class='ocrx_word' id='word_1_83' title='bbox 2507 1674 2655 1738; x_wconf 89' lang='lat' dir='ltr'><strong>uris</strong></span> <span class='ocrx_word' id='word_1_84' title='bbox 2717 1678 2923 1738; x_wconf 87' lang='lat' dir='ltr'><strong>natu·</strong></span> 
     </span>
     <span class='ocr_line' id='line_1_14' title="bbox 696 1778 2933 1862; baseline -0.001 -18"><span class='ocrx_word' id='word_1_85' title='bbox 696 1780 897 1846; x_wconf 86' lang='lat' dir='ltr'><strong>ralis:</strong></span> <span class='ocrx_word' id='word_1_86' title='bbox 931 1782 1203 1862; x_wconf 88' lang='lat' dir='ltr'><strong>primus</strong></span> <span class='ocrx_word' id='word_1_87' title='bbox 1239 1798 1487 1844; x_wconf 89' lang='lat' dir='ltr'><strong>eorum</strong></span> <span class='ocrx_word' id='word_1_88' title='bbox 1523 1783 1655 1862; x_wconf 86' lang='lat' dir='ltr'><strong>est,</strong></span> <span class='ocrx_word' id='word_1_89' title='bbox 1694 1782 1816 1862; x_wconf 87' lang='lat' dir='ltr'><strong>qui</strong></span> <span class='ocrx_word' id='word_1_90' title='bbox 1850 1784 2282 1862; x_wconf 85' lang='lat' dir='ltr'><strong>argumenta</strong></span> <span class='ocrx_word' id='word_1_91' title='bbox 2348 1798 2442 1844; x_wconf 80' lang='lat' dir='ltr'><strong>ex</strong></span> <span class='ocrx_word' id='word_1_92' title='bbox 2492 1778 2537 1842; x_wconf 86' lang='lat' dir='ltr'>J</span> <span class='ocrx_word' id='word_1_93' title='bbox 2543 1796 2669 1842; x_wconf 89' lang='lat' dir='ltr'><strong>ure</strong></span> <span class='ocrx_word' id='word_1_94' title='bbox 2723 1784 2933 1844; x_wconf 85' lang='lat' dir='ltr'><strong>¹natu-</strong></span> 
     </span>
     <span class='ocr_line' id='line_1_15' title="bbox 696 1886 2933 1970; baseline 0 -20"><span class='ocrx_word' id='word_1_95' title='bbox 696 1906 825 1952; x_wconf 87' lang='lat' dir='ltr'><strong>rae</strong></span> <span class='ocrx_word' id='word_1_96' title='bbox 861 1886 1241 1970; x_wconf 85' lang='lat' dir='ltr'><strong>desumpta</strong></span> <span class='ocrx_word' id='word_1_97' title='bbox 1271 1888 1345 1950; x_wconf 88' lang='lat' dir='ltr'><strong>in</strong></span> <span class='ocrx_word' id='word_1_98' title='bbox 1377 1886 1878 1950; x_wconf 84' lang='lat' dir='ltr'><strong>ecclesiastica</strong></span> <span class='ocrx_word' id='word_1_99' title='bbox 1898 1886 2476 1968; x_wconf 85' lang='lat' dir='ltr'><strong>jurisprudentia</strong></span> <span class='ocrx_word' id='word_1_100' title='bbox 2507 1886 2795 1950; x_wconf 91' lang='lat' dir='ltr'><strong>omnino</strong></span> <span class='ocrx_word' id='word_1_101' title='bbox 2823 1904 2933 1950; x_wconf 87' lang='lat' dir='ltr'><strong>re-</strong></span> 
     </span>
     <span class='ocr_line' id='line_1_16' title="bbox 690 1994 2935 2078; baseline 0 -20"><span class='ocrx_word' id='word_1_102' title='bbox 690 1996 975 2078; x_wconf 87' lang='lat' dir='ltr'><strong>jiciunt,</strong></span> <span class='ocrx_word' id='word_1_103' title='bbox 1019 2012 1105 2058; x_wconf 85' lang='lat' dir='ltr'><strong>ac</strong></span> <span class='ocrx_word' id='word_1_104' title='bbox 1131 1996 1191 2058; x_wconf 89' lang='lat' dir='ltr'><strong>si</strong></span> <span class='ocrx_word' id='word_1_105' title='bbox 1211 1996 1327 2076; x_wconf 86' lang='lat' dir='ltr'><strong>jus</strong></span> <span class='ocrx_word' id='word_1_106' title='bbox 1363 1995 1698 2059; x_wconf 82' lang='lat' dir='ltr'><strong>naturale</strong></span> <span class='ocrx_word' id='word_1_107' title='bbox 1726 2000 1796 2058; x_wconf 89' lang='lat' dir='ltr'><strong>et</strong></span> <span class='ocrx_word' id='word_1_108' title='bbox 1816 1996 1932 2076; x_wconf 88' lang='lat' dir='ltr'><strong>jus</strong></span> <span class='ocrx_word' id='word_1_109' title='bbox 1970 1996 2398 2058; x_wconf 84' lang='lat' dir='ltr'><strong>canonicum</strong></span> <span class='ocrx_word' id='word_1_110' title='bbox 2428 1994 2567 2058; x_wconf 89' lang='lat' dir='ltr'><strong>sibi</strong></span> <span class='ocrx_word' id='word_1_111' title='bbox 2619 1994 2935 2058; x_wconf 86' lang='lat' dir='ltr'><strong>invicem</strong></span> 
     </span>
     <span class='ocr_line' id='line_1_17' title="bbox 700 2100 2937 2184; baseline 0 -20"><span class='ocrx_word' id='word_1_112' title='bbox 700 2102 1291 2166; x_wconf 72' lang='lat' dir='ltr'><strong>adversarentur.</strong></span> <span class='ocrx_word' id='word_1_113' title='bbox 1327 2102 1411 2164; x_wconf 91' lang='lat' dir='ltr'><strong>In</strong></span> <span class='ocrx_word' id='word_1_114' title='bbox 1447 2104 1754 2165; x_wconf 86' lang='lat' dir='ltr'><strong>alterum</strong></span> <span class='ocrx_word' id='word_1_115' title='bbox 1790 2108 1860 2164; x_wconf 92' lang='lat' dir='ltr'><strong>et</strong></span> <span class='ocrx_word' id='word_1_116' title='bbox 1888 2102 2176 2184; x_wconf 89' lang='lat' dir='ltr'><strong>quidem</strong></span> <span class='ocrx_word' id='word_1_117' title='bbox 2244 2100 2937 2182; x_wconf 85' lang='lat' dir='ltr'><strong>perniciossisimum</strong></span> 
     </span>
     <span class='ocr_line' id='line_1_18' title="bbox 700 2206 2935 2290; baseline -0.001 -18"><span class='ocrx_word' id='word_1_118' title='bbox 700 2209 983 2290; x_wconf 85' lang='lat' dir='ltr'><strong>delapsi</strong></span> <span class='ocrx_word' id='word_1_119' title='bbox 1007 2214 1175 2272; x_wconf 86' lang='lat' dir='ltr'><strong>sunt</strong></span> <span class='ocrx_word' id='word_1_120' title='bbox 1200 2209 1722 2288; x_wconf 79' lang='lat' dir='ltr'><strong>ProtestanteS,</strong></span> <span class='ocrx_word' id='word_1_121' title='bbox 1762 2208 1884 2290; x_wconf 87' lang='lat' dir='ltr'><strong>qui</strong></span> <span class='ocrx_word' id='word_1_122' title='bbox 1920 2208 2158 2271; x_wconf 86' lang='lat' dir='ltr'><strong>omnia</strong></span> <span class='ocrx_word' id='word_1_123' title='bbox 2216 2207 2288 2272; x_wconf 90' lang='lat' dir='ltr'><strong>in</strong></span> <span class='ocrx_word' id='word_1_124' title='bbox 2348 2206 2935 2288; x_wconf 84' lang='lat' dir='ltr'><strong>jurisprudentia</strong></span> 
     </span>
     <span class='ocr_line' id='line_1_19' title="bbox 701 2314 2935 2396; baseline 0 -18"><span class='ocrx_word' id='word_1_125' title='bbox 701 2316 1055 2378; x_wconf 87' lang='lat' dir='ltr'><strong>canonica</strong></span> <span class='ocrx_word' id='word_1_126' title='bbox 1091 2316 1399 2396; x_wconf 80' lang='lat' dir='ltr'><strong>primum</strong></span> <span class='ocrx_word' id='word_1_127' title='bbox 1427 2322 1497 2378; x_wconf 91' lang='lat' dir='ltr'><strong>et</strong></span> <span class='ocrx_word' id='word_1_128' title='bbox 1524 2315 1971 2396; x_wconf 75' lang='lat' dir='ltr'><strong>potissimum</strong></span> <span class='ocrx_word' id='word_1_129' title='bbox 2006 2314 2380 2396; x_wconf 81' lang='lat' dir='ltr'><strong>explicare</strong></span> <span class='ocrx_word' id='word_1_130' title='bbox 2422 2324 2779 2378; x_wconf 86' lang='lat' dir='ltr'><strong>conantur</strong></span> <span class='ocrx_word' id='word_1_131' title='bbox 2823 2316 2935 2396; x_wconf 88' lang='lat' dir='ltr'><strong>ju-</strong></span> 
     </span>
     <span class='ocr_line' id='line_1_20' title="bbox 704 2422 2938 2504; baseline -0.001 -16"><span class='ocrx_word' id='word_1_132' title='bbox 704 2442 784 2488; x_wconf 87' lang='lat' dir='ltr'><strong>re</strong></span> <span class='ocrx_word' id='word_1_133' title='bbox 819 2424 1165 2504; x_wconf 86' lang='lat' dir='ltr'><strong>naturali,</strong></span> <span class='ocrx_word' id='word_1_134' title='bbox 1205 2442 1287 2486; x_wconf 90' lang='lat' dir='ltr'><strong>eo</strong></span> <span class='ocrx_word' id='word_1_135' title='bbox 1317 2424 1493 2486; x_wconf 77' lang='lat' dir='ltr'><strong>sane</strong></span> <span class='ocrx_word' id='word_1_136' title='bbox 1531 2424 1856 2504; x_wconf 87' lang='lat' dir='ltr'><strong>consili0,</strong></span> <span class='ocrx_word' id='word_1_137' title='bbox 1898 2428 1974 2486; x_wconf 90' lang='lat' dir='ltr'><strong>ut</strong></span> <span class='ocrx_word' id='word_1_138' title='bbox 2000 2440 2290 2486; x_wconf 87' lang='lat' dir='ltr'><strong>sacrum</strong></span> <span class='ocrx_word' id='word_1_139' title='bbox 2330 2422 2711 2486; x_wconf 87' lang='lat' dir='ltr'><strong>Ecclesiae</strong></span> <span class='ocrx_word' id='word_1_140' title='bbox 2749 2422 2938 2504; x_wconf 85' lang='lat' dir='ltr'><strong>regi-</strong></span> 
     </span>
     <span class='ocr_line' id='line_1_21' title="bbox 700 2530 2939 2597; baseline 0 -2"><span class='ocrx_word' id='word_1_141' title='bbox 700 2551 867 2597; x_wconf 92' lang='lat' dir='ltr'><strong>men</strong></span> <span class='ocrx_word' id='word_1_142' title='bbox 905 2535 977 2595; x_wconf 89' lang='lat' dir='ltr'><strong>et</strong></span> <span class='ocrx_word' id='word_1_143' title='bbox 1003 2530 1493 2595; x_wconf 83' lang='lat' dir='ltr'><strong>hierarchiam</strong></span> <span class='ocrx_word' id='word_1_144' title='bbox 1521 2530 1868 2597; x_wconf 84' lang='lat' dir='ltr'><strong>divinitus</strong></span> <span class='ocrx_word' id='word_1_145' title='bbox 1894 2530 2301 2595; x_wconf 88' lang='lat' dir='ltr'><strong>institutam</strong></span> <span class='ocrx_word' id='word_1_146' title='bbox 2346 2530 2671 2595; x_wconf 86' lang='lat' dir='ltr'><strong>funditus</strong></span> <span class='ocrx_word' id='word_1_147' title='bbox 2731 2549 2939 2597; x_wconf 78' lang='lat' dir='ltr'><strong>ever-</strong></span> 
     </span>
     <span class='ocr_line' id='line_1_22' title="bbox 700 2643 961 2703; baseline 0 0"><span class='ocrx_word' id='word_1_148' title='bbox 700 2643 961 2703; x_wconf 87' lang='lat' dir='ltr'><strong>terent.</strong></span> 
     </span>
    </p>

    <p class='ocr_par' dir='ltr' id='par_1_4' title="bbox 700 2743 2945 3043">
     <span class='ocr_line' id='line_1_23' title="bbox 881 2743 2941 2829; baseline 0 -20"><span class='ocrx_word' id='word_1_149' title='bbox 881 2745 1031 2811; x_wconf 79' lang='lat'>148.</span> <span class='ocrx_word' id='word_1_150' title='bbox 1131 2745 1241 2809; x_wconf 86' lang='lat' dir='ltr'><strong>Ad</strong></span> <span class='ocrx_word' id='word_1_151' title='bbox 1279 2743 1630 2827; x_wconf 87' lang='lat' dir='ltr'><strong>ejusmodi</strong></span> <span class='ocrx_word' id='word_1_152' title='bbox 1696 2763 1982 2809; x_wconf 86' lang='lat' dir='ltr'><strong>errores</strong></span> <span class='ocrx_word' id='word_1_153' title='bbox 2048 2745 2414 2829; x_wconf 80' lang='lat' dir='ltr'><strong>vitandos,</strong></span> <span class='ocrx_word' id='word_1_154' title='bbox 2470 2747 2941 2829; x_wconf 85' lang='lat' dir='ltr'><strong>nefariosque</strong></span> 
     </span>
     <span class='ocr_line' id='line_1_24' title="bbox 700 2852 2945 2933; baseline -0.001 -14"><span class='ocrx_word' id='word_1_155' title='bbox 700 2859 1135 2919; x_wconf 81' lang='lat' dir='ltr'><strong>novatorum</strong></span> <span class='ocrx_word' id='word_1_156' title='bbox 1171 2858 1472 2917; x_wconf 87' lang='lat' dir='ltr'><strong>conatus</strong></span> <span class='ocrx_word' id='word_1_157' title='bbox 1537 2852 1754 2933; x_wconf 79' lang='lat' dir='ltr'><strong>plane</strong></span> <span class='ocrx_word' id='word_1_158' title='bbox 1820 2853 2304 2933; x_wconf 85' lang='lat' dir='ltr'><strong>disjiciendos,</strong></span> <span class='ocrx_word' id='word_1_159' title='bbox 2368 2855 2569 2919; x_wconf 80' lang='lat' dir='ltr'><strong>viam</strong></span> <span class='ocrx_word' id='word_1_160' title='bbox 2625 2853 2945 2919; x_wconf 85' lang='lat' dir='ltr'><strong>mediam</strong></span> 
     </span>
     <span class='ocr_line' id='line_1_25' title="bbox 700 2960 2218 3043; baseline -0.002 -16"><span class='ocrx_word' id='word_1_161' title='bbox 700 2963 1035 3027; x_wconf 86' lang='lat' dir='ltr'><strong>ineuntes</strong></span> <span class='ocrx_word' id='word_1_162' title='bbox 1073 2967 1459 3043; x_wconf 73' lang='lat' dir='ltr'><strong>sequentes</strong></span> <span class='ocrx_word' id='word_1_163' title='bbox 1495 2960 1874 3023; x_wconf 84' lang='lat' dir='ltr'><strong>statuimus</strong></span> <span class='ocrx_word' id='word_1_164' title='bbox 1902 2962 2218 3041; x_wconf 85' lang='lat' dir='ltr'><strong>regulas:</strong></span> 
     </span>
    </p>

    <p class='ocr_par' dir='ltr' id='par_1_5' title="bbox 634 3067 2953 4099">
     <span class='ocr_line' id='line_1_26' title="bbox 881 3067 2943 3155; baseline 0 -22"><span class='ocrx_word' id='word_1_165' title='bbox 881 3071 985 3133; x_wconf 63' lang='lat' dir='ltr'><strong>La</strong></span> <span class='ocrx_word' id='word_1_166' title='bbox 1085 3067 1249 3135; x_wconf 75' lang='lat' dir='ltr'><strong>Cum</strong></span> <span class='ocrx_word' id='word_1_167' title='bbox 1275 3071 1507 3153; x_wconf 67' lang='lat' dir='ltr'><strong>aqitur</strong></span> <span class='ocrx_word' id='word_1_168' title='bbox 1537 3069 1615 3132; x_wconf 82' lang='lat' dir='ltr'><strong>de</strong></span> <span class='ocrx_word' id='word_1_169' title='bbox 1640 3077 1894 3133; x_wconf 76' lang='lat' dir='ltr'><strong>natura</strong></span> <span class='ocrx_word' id='word_1_170' title='bbox 1912 3069 2258 3155; x_wconf 70' lang='lat' dir='ltr'><strong>juridica,</strong></span> <span class='ocrx_word' id='word_1_171' title='bbox 2280 3071 2759 3135; x_wconf 71' lang='lat' dir='ltr'><strong>constitutione</strong></span> <span class='ocrx_word' id='word_1_172' title='bbox 2777 3069 2943 3155; x_wconf 70' lang='lat' dir='ltr'><strong>fem—</strong></span> 
     </span>
     <span class='ocr_line' id='line_1_27' title="bbox 702 3173 2947 3259; baseline -0 -19"><span class='ocrx_word' id='word_1_173' title='bbox 702 3175 1081 3241; x_wconf 77' lang='lat' dir='ltr'><strong>damentali</strong></span> <span class='ocrx_word' id='word_1_174' title='bbox 1117 3195 1198 3239; x_wconf 83' lang='lat' dir='ltr'><strong>ac</strong></span> <span class='ocrx_word' id='word_1_175' title='bbox 1227 3175 1467 3239; x_wconf 68' lang='lat' dir='ltr'><strong>divina</strong></span> <span class='ocrx_word' id='word_1_176' title='bbox 1501 3173 1850 3239; x_wconf 76' lang='lat' dir='ltr'><strong>Ecclesiae</strong></span> <span class='ocrx_word' id='word_1_177' title='bbox 1864 3183 2226 3259; x_wconf 72' lang='lat' dir='ltr'><strong>potestate,</strong></span> <span class='ocrx_word' id='word_1_178' title='bbox 2277 3175 2476 3241; x_wconf 74' lang='lat' dir='ltr'><strong>nulla</strong></span> <span class='ocrx_word' id='word_1_179' title='bbox 2531 3177 2947 3241; x_wconf 73' lang='lat' dir='ltr'><strong>auctoritate</strong></span> 
     </span>
     <span class='ocr_line' id='line_1_28' title="bbox 634 3281 2947 3367; baseline 0 -20"><span class='ocrx_word' id='word_1_180' title='bbox 634 3329 638 3335; x_wconf 91' lang='lat'>-</span> <span class='ocrx_word' id='word_1_181' title='bbox 700 3283 951 3367; x_wconf 65' lang='lat' dir='ltr'><strong>qaudet</strong></span> <span class='ocrx_word' id='word_1_182' title='bbox 993 3285 1121 3367; x_wconf 76' lang='lat' dir='ltr'><strong>jas</strong></span> <span class='ocrx_word' id='word_1_183' title='bbox 1183 3281 1525 3363; x_wconf 68' lang='lat' dir='ltr'><strong>naturale,</strong></span> <span class='ocrx_word' id='word_1_184' title='bbox 1581 3281 1701 3347; x_wconf 73' lang='lat' dir='ltr'><strong>sed</strong></span> <span class='ocrx_word' id='word_1_185' title='bbox 1762 3283 1992 3347; x_wconf 76' lang='lat' dir='ltr'><strong>omnia</strong></span> <span class='ocrx_word' id='word_1_186' title='bbox 2062 3283 2501 3365; x_wconf 68' lang='lat' dir='ltr'><strong>amplicanda,</strong></span> <span class='ocrx_word' id='word_1_187' title='bbox 2543 3281 2947 3367; x_wconf 71' lang='lat' dir='ltr'><strong>judicanda</strong></span> 
     </span>
     <span class='ocr_line' id='line_1_29' title="bbox 702 3389 2945 3477; baseline -0.001 -22"><span class='ocrx_word' id='word_1_188' title='bbox 702 3399 905 3473; x_wconf 72' lang='lat' dir='ltr'><strong>atque</strong></span> <span class='ocrx_word' id='word_1_189' title='bbox 941 3391 1267 3455; x_wconf 73' lang='lat' dir='ltr'><strong>solvenda</strong></span> <span class='ocrx_word' id='word_1_190' title='bbox 1301 3389 1671 3453; x_wconf 73' lang='lat' dir='ltr'><strong>secundum</strong></span> <span class='ocrx_word' id='word_1_191' title='bbox 1687 3393 1816 3477; x_wconf 76' lang='lat' dir='ltr'><strong>jus</strong></span> <span class='ocrx_word' id='word_1_192' title='bbox 1862 3391 2176 3455; x_wconf 70' lang='lat' dir='ltr'><strong>divinum</strong></span> <span class='ocrx_word' id='word_1_193' title='bbox 2198 3391 2601 3475; x_wconf 73' lang='lat' dir='ltr'><strong>positivum.</strong></span> <span class='ocrx_word' id='word_1_194' title='bbox 2629 3389 2719 3453; x_wconf 84' lang='lat' dir='ltr'><strong>Et</strong></span> <span class='ocrx_word' id='word_1_195' title='bbox 2753 3389 2945 3453; x_wconf 82' lang='lat' dir='ltr'><strong>ratio</strong></span> 
     </span>
     <span class='ocr_line' id='line_1_30' title="bbox 702 3495 2953 3579; baseline 0.001 -20"><span class='ocrx_word' id='word_1_196' title='bbox 702 3497 913 3577; x_wconf 87' lang='lat' dir='ltr'><strong>hujus</strong></span> <span class='ocrx_word' id='word_1_197' title='bbox 961 3497 1259 3579; x_wconf 78' lang='lat' dir='ltr'><strong>regulae</strong></span> <span class='ocrx_word' id='word_1_198' title='bbox 1325 3497 1622 3561; x_wconf 82' lang='lat' dir='ltr'><strong>evidens</strong></span> <span class='ocrx_word' id='word_1_199' title='bbox 1690 3501 1824 3579; x_wconf 89' lang='lat' dir='ltr'><strong>est;</strong></span> <span class='ocrx_word' id='word_1_200' title='bbox 1876 3499 2166 3579; x_wconf 88' lang='lat' dir='ltr'><strong>etenim,</strong></span> <span class='ocrx_word' id='word_1_201' title='bbox 2212 3515 2372 3561; x_wconf 90' lang='lat' dir='ltr'><strong>cum</strong></span> <span class='ocrx_word' id='word_1_202' title='bbox 2432 3515 2545 3579; x_wconf 87' lang='lat' dir='ltr'><strong>ea,</strong></span> <span class='ocrx_word' id='word_1_203' title='bbox 2607 3515 2793 3579; x_wconf 89' lang='lat' dir='ltr'><strong>quae</strong></span> <span class='ocrx_word' id='word_1_204' title='bbox 2849 3495 2953 3561; x_wconf 88' lang='lat' dir='ltr'><strong>ad</strong></span> 
     </span>
     <span class='ocr_line' id='line_1_31' title="bbox 702 3605 2947 3687; baseline 0.001 -20"><span class='ocrx_word' id='word_1_205' title='bbox 702 3605 1079 3669; x_wconf 89' lang='lat' dir='ltr'><strong>Ecclesiae</strong></span> <span class='ocrx_word' id='word_1_206' title='bbox 1115 3605 1441 3685; x_wconf 86' lang='lat' dir='ltr'><strong>regimen</strong></span> <span class='ocrx_word' id='word_1_207' title='bbox 1503 3621 1589 3667; x_wconf 86' lang='lat' dir='ltr'><strong>ac</strong></span> <span class='ocrx_word' id='word_1_208' title='bbox 1647 3605 2234 3669; x_wconf 89' lang='lat' dir='ltr'><strong>constitutionem</strong></span> <span class='ocrx_word' id='word_1_209' title='bbox 2286 3605 2681 3687; x_wconf 87' lang='lat' dir='ltr'><strong>pertinent,</strong></span> <span class='ocrx_word' id='word_1_210' title='bbox 2741 3623 2785 3669; x_wconf 88' lang='lat' dir='ltr'><strong>a</strong></span> <span class='ocrx_word' id='word_1_211' title='bbox 2841 3605 2947 3669; x_wconf 89' lang='lat' dir='ltr'><strong>di-</strong></span> 
     </span>
     <span class='ocr_line' id='line_1_32' title="bbox 702 3713 2951 3795; baseline -0.001 -16"><span class='ocrx_word' id='word_1_212' title='bbox 702 3715 879 3779; x_wconf 86' lang='lat' dir='ltr'><strong>vina</strong></span> <span class='ocrx_word' id='word_1_213' title='bbox 917 3713 1283 3795; x_wconf 85' lang='lat' dir='ltr'><strong>pendeant</strong></span> <span class='ocrx_word' id='word_1_214' title='bbox 1343 3713 1742 3795; x_wconf 79' lang='lat' dir='ltr'><strong>voluntate,</strong></span> <span class='ocrx_word' id='word_1_215' title='bbox 1816 3717 1886 3777; x_wconf 89' lang='lat' dir='ltr'><strong>et</strong></span> <span class='ocrx_word' id='word_1_216' title='bbox 1952 3713 2278 3778; x_wconf 83' lang='lat' dir='ltr'><strong>Christus</strong></span> <span class='ocrx_word' id='word_1_217' title='bbox 2344 3713 2695 3777; x_wconf 90' lang='lat' dir='ltr'><strong>Dominus</strong></span> <span class='ocrx_word' id='word_1_218' title='bbox 2759 3713 2951 3777; x_wconf 81' lang='lat' dir='ltr'><strong>haec</strong></span> 
     </span>
     <span class='ocr_line' id='line_1_33' title="bbox 704 3821 2943 3903; baseline -0.001 -18"><span class='ocrx_word' id='word_1_219' title='bbox 704 3823 946 3885; x_wconf 86' lang='lat' dir='ltr'><strong>omnia</strong></span> <span class='ocrx_word' id='word_1_220' title='bbox 977 3821 1130 3901; x_wconf 86' lang='lat' dir='ltr'><strong>jam</strong></span> <span class='ocrx_word' id='word_1_221' title='bbox 1165 3821 1649 3903; x_wconf 85' lang='lat' dir='ltr'><strong>praeceperit,</strong></span> <span class='ocrx_word' id='word_1_222' title='bbox 1703 3821 2118 3903; x_wconf 86' lang='lat' dir='ltr'><strong>instituerit,</strong></span> <span class='ocrx_word' id='word_1_223' title='bbox 2180 3827 2400 3903; x_wconf 86' lang='lat' dir='ltr'><strong>atque</strong></span> <span class='ocrx_word' id='word_1_224' title='bbox 2462 3821 2943 3903; x_wconf 79' lang='lat' dir='ltr'><strong>ordinaverit,</strong></span> 
     </span>
     <span class='ocr_line' id='line_1_34' title="bbox 704 3925 2951 4009; baseline 0 -20"><span class='ocrx_word' id='word_1_225' title='bbox 704 3945 849 3991; x_wconf 87' lang='lat' dir='ltr'><strong>non</strong></span> <span class='ocrx_word' id='word_1_226' title='bbox 885 3943 975 3989; x_wconf 83' lang='lat' dir='ltr'><strong>ex</strong></span> <span class='ocrx_word' id='word_1_227' title='bbox 1003 3927 1187 4007; x_wconf 87' lang='lat' dir='ltr'><strong>juris</strong></span> <span class='ocrx_word' id='word_1_228' title='bbox 1223 3927 1579 3991; x_wconf 87' lang='lat' dir='ltr'><strong>naturalis</strong></span> <span class='ocrx_word' id='word_1_229' title='bbox 1615 3927 2016 4009; x_wconf 88' lang='lat' dir='ltr'><strong>principiis,</strong></span> <span class='ocrx_word' id='word_1_230' title='bbox 2054 3927 2182 3991; x_wconf 88' lang='lat' dir='ltr'><strong>sed</strong></span> <span class='ocrx_word' id='word_1_231' title='bbox 2234 3945 2324 3991; x_wconf 83' lang='lat' dir='ltr'><strong>ex</strong></span> <span class='ocrx_word' id='word_1_232' title='bbox 2374 3925 2617 3991; x_wconf 88' lang='lat' dir='ltr'><strong>Sacris</strong></span> <span class='ocrx_word' id='word_1_233' title='bbox 2651 3925 2951 3991; x_wconf 85' lang='lat' dir='ltr'><strong>Litteris</strong></span> 
     </span>
     <span class='ocr_line' id='line_1_35' title="bbox 706 4033 1896 4099; baseline -0.002 0"><span class='ocrx_word' id='word_1_234' title='bbox 706 4037 778 4099; x_wconf 89' lang='lat' dir='ltr'><strong>et</strong></span> <span class='ocrx_word' id='word_1_235' title='bbox 812 4033 1233 4099; x_wconf 86' lang='lat' dir='ltr'><strong>Traditione</strong></span> <span class='ocrx_word' id='word_1_236' title='bbox 1269 4034 1675 4099; x_wconf 83' lang='lat' dir='ltr'><strong>definienda</strong></span> <span class='ocrx_word' id='word_1_237' title='bbox 1708 4039 1896 4097; x_wconf 89' lang='lat' dir='ltr'><strong>sunt.</strong></span> 
     </span>
    </p>

    <p class='ocr_par' dir='ltr' id='par_1_6' title="bbox 712 4139 2959 4335">
     <span class='ocr_line' id='line_1_36' title="bbox 885 4139 2951 4227; baseline 0.001 -24"><span class='ocrx_word' id='word_1_238' title='bbox 885 4139 985 4203; x_wconf 51' lang='lat'><strong>22²</strong></span> <span class='ocrx_word' id='word_1_239' title='bbox 1073 4139 1285 4205; x_wconf 78' lang='lat' dir='ltr'><strong>Salva</strong></span> <span class='ocrx_word' id='word_1_240' title='bbox 1323 4143 1585 4227; x_wconf 49' lang='lat' dir='ltr'><strong>ori-qim</strong></span> <span class='ocrx_word' id='word_1_241' title='bbox 1622 4147 1687 4205; x_wconf 78' lang='lat' dir='ltr'><strong>et</strong></span> <span class='ocrx_word' id='word_1_242' title='bbox 1726 4141 1966 4205; x_wconf 77' lang='lat' dir='ltr'><strong>divina</strong></span> <span class='ocrx_word' id='word_1_243' title='bbox 2012 4147 2272 4205; x_wconf 72' lang='lat' dir='ltr'><strong>natura</strong></span> <span class='ocrx_word' id='word_1_244' title='bbox 2318 4141 2681 4225; x_wconf 73' lang='lat' dir='ltr'><strong>cujuslibet</strong></span> <span class='ocrx_word' id='word_1_245' title='bbox 2743 4141 2951 4205; x_wconf 76' lang='lat' dir='ltr'><strong>Ordi-</strong></span> 
     </span>
     <span class='ocr_line' id='line_1_37' title="bbox 712 4247 2959 4335; baseline 0.002 -22"><span class='ocrx_word' id='word_1_246' title='bbox 712 4249 847 4331; x_wconf 68' lang='lat' dir='ltr'><strong>m&#39;S,</strong></span> <span class='ocrx_word' id='word_1_247' title='bbox 889 4247 1169 4315; x_wconf 75' lang='lat' dir='ltr'><strong>Gradus</strong></span> <span class='ocrx_word' id='word_1_248' title='bbox 1205 4251 1311 4315; x_wconf 73' lang='lat' dir='ltr'><strong>vel</strong></span> <span class='ocrx_word' id='word_1_249' title='bbox 1373 4250 1860 4333; x_wconf 62' lang='lat' dir='ltr'><strong>InstitutioniS,</strong></span> <span class='ocrx_word' id='word_1_250' title='bbox 1904 4257 2136 4335; x_wconf 75' lang='lat' dir='ltr'><strong>potest</strong></span> <span class='ocrx_word' id='word_1_251' title='bbox 2190 4257 2368 4315; x_wconf 72' lang='lat' dir='ltr'><strong>recte</strong></span> <span class='ocrx_word' id='word_1_252' title='bbox 2436 4271 2523 4315; x_wconf 70' lang='lat' dir='ltr'><strong>ew</strong></span> <span class='ocrx_word' id='word_1_253' title='bbox 2569 4251 2837 4315; x_wconf 76' lang='lat' dir='ltr'><strong>ratione</strong></span> <span class='ocrx_word' id='word_1_254' title='bbox 2887 4257 2959 4317; x_wconf 80' lang='lat' dir='ltr'><strong>et</strong></span> 
     </span>
    </p>
   </div>
  </div>
 </body>
</html>
