3332 5100
1255 339 1609 411 -21‘7—

305 497 777 563 securitatem
845 497 1271 561 secernendi
1339 515 1473 581 ope
1555 497 1856 563 criticae
1910 497 2319 563 collationis
2388 517 2550 583 spu-

307 623 475 669 reos
509 607 631 671 vel
667 605 891 668 falsos
925 623 967 667 a
1001 605 1331 687 genuinis
1369 609 1441 695 et
1475 605 1778 669 sinceris
1812 607 2234 669 canonibus,

491 711 605 775 Ad
639 711 1021 777 methodum
1047 711 1237 793 quod
1273 711 1555 791 attinet,
1613 713 1974 793 duplicem
2030 713 2318 795 sequuti
2390 717 2556 775 sunt

309 819 769 899 collectoreS‚
803 819 1347 903 chronoloyicam
1383 837 1467 881 ac
1501 819 1982 901 doctrinalem·
2040 819 2170 881 illa
2228 818 2554 881 ordinem

311 929 723 1007 temporum
753 929 1027 1005 servat,
1059 925 1301 1007 prouti
1339 925 1593 987 videre
1621 929 1732 987 est
1754 925 1908 987 fere
1942 925 2016 987 in
2046 925 2374 987 omnibus
2410 925 2552 987 col-

309 1035 749 1097 lectionibus
799 1033 1277 1115 antiquitatis;
1315 1031 1497 1095 haec
1561 1033 1798 1113 logice
1832 1035 1904 1095 et
1968 1033 2244 1095 utiliter
2306 1049 2592 1113 proce-,

315 1141 553 1205 dendo
591 1139 915 1205 ordinem
949 1157 1195 1203 rerum
1253 1139 1601 1221 praefert,
1661 1143 1740 1203 ut
1794 1139 2064 1221 passim
2122 1139 2556 1203 observatur

311 1249 391 1311 iu
425 1247 949 1329 posterioribus
987 1245 1379 1309 codicibus,

499 1353 649 1417 189.
749 1355 845 1417 Ut
877 1353 1151 1435 aliquid
1191 1353 1279 1415 de
1329 1351 1637 1415 diversis
1710 1349 2232 1416 Collectionum
2282 1353 2556 1433 specie-

313 1459 449 1523 bus
487 1460 953 1539 attingamus,
997 1459 1431 1539 praecipuas
1485 1457 1878 1521 divisiones
1936 1457 2338 1521 innuemus.
2400 1457 2558 1521 Dis-

314 1565 577 1647 pertiri
611 1565 873 1627 solent:
911 1565 1199 1627 ratione
1239 1565 1529 1647 oriyim's
1563 1563 1637 1625 in
1700 1565 2128 1629 authenticas
2194 1567 2266 1627 et
2314 1559 2560 1647 priua-

321 1681 463 1753 tas,·
501 1671 967 1733 authenticae
1025 1687 1211 1751 quae
1277 1669 1714 1731 auctoritate
1780 1669 2074 1749 publica
2126 1669 2444 1751 gaudent
2490 1673 2562 1733 et

315 1779 465 1843 vim
503 1779 685 1859 legis
727 1777 1081 1857 obtinent,
1137 1777 1257 1839 vel
1293 1775 1463 1857 quia
1495 1793 1537 1839 a
1595 1775 2018 1855 legislatore
2050 1777 2560 1857 prociscuntur

315 1885 441 1951 vel
469 1885 561 1947 ab
595 1885 753 1965 ipso
797 1889 1143 1963 receptae
1179 1887 1251 1945 et
1285 1881 1523 1945 editae
1557 1887 1748 1961 sunt;
1786 1881 2124 1963 privatae
2176 1901 2362 1965 quae
2396 1899 2560 1965 par-

317 1991 733 2057 ticularium
799 1989 1157 2051 industria
1213 1993 1285 2051 et
1355 1987 1589 2051 studio
1674 1987 2028 2065 confictae
2086 1991 2360 2053 nullam
2412 1991 2564 2055 vim

315 2097 631 2181 cogendi
667 2097 965 2177 habent,
1001 2097 1143 2159 nisi
1181 2101 1437 2177 postea
1491 2099 1998 2161 auctoritatem
2056 2099 2418 2179 publicam
2476 2117 2564 2163 ac

315 2205 719 2289 legitimam
771 2209 1031 2267 nactae
1089 2203 1255 2283 sint,
1309 2203 1467 2267 sive
1525 2207 2040 2287 acceptatione
2068 2207 2564 2271 Ecclesiarum

319 2313 553 2379 veluti
591 2311 835 2375 Codex
869 2311 1381 2393 DionysianUS‚
1413 2311 1571 2375 sive
1619 2329 1750 2375 usu
1808 2319 1880 2377 et
1934 2315 2452 2377 consuetudine
2487 2319 2564 2377 ut

319 2421 915 2501 Exti-avagantes
951 2437 1089 2501 que
1147 2423 1659 2501 nuncupantur
1728 2417 2154 2485 Communes
2220 2425 2290 2485 et
2346 2421 2562 2485 Joan-

319 2531 435 2594 nis
469 2527 707 2592 XXII:
771 2529 1055 2590 ratione
1115 2527 1533 2592 extensionis
1569 2527 1643 2590 in
1680 2528 2062 2612 perseam,
2126 2529 2436 2594 concisas
2492 2533 2564 2596 et

319 2638 863 2720 compendiosa-3,
931 2638 1147 2716 prout
1213 2634 1539 2716 integros
1601 2652 1920 2700 canones
1982 2636 2564 2719 complectuntur

319 2750 451 2808 aut
477 2744 757 2806 tantum
783 2748 1068 2824 partem
1103 2742 1225 2806 vel
1273 2760 1627 2806 summam
1668 2760 2026 2806 canonum
2060 2744 2412 2808 inserunt:
2450 2764 2562 2808 ra-

321 2854 523 2918 tione
555 2854 891 2916 materiae
925 2850 999 2914 in
1033 2856 1215 2914 mere
1255 2852 1631 2914 canonicas
1665 2858 1738 2914 et
1798 2852 2058 2916 mixtas
2092 2870 2218 2916 seu
2252 2874 2562 2918 nomoca-

319 2962 639 3040 vzom'cas,·
669 2958 863 3022 mere
899 2960 1299 3022 canonicae
1327 2978 1513 3040 quae
1569 2960 1852 3040 legibus
1890 2960 2406 3024 ecclesiasticis
2454 2978 2564 3026 so-

317 3070 687 3136 lummodo
761 3076 1123 3150 constant3
1195 3070 1840 3150 nomocanonicae,
1872 3072 1950 3130 ut
2006 3068 2242 3150 ipsum
2300 3084 2566 3148 nomen

319 3178 711 3260 significat,
753 3194 941 3258 quae
973 3178 1173 3258 leges
1213 3176 1756 3240 ecclesiasticas
1808 3180 2024 3258 atque
2060 3176 2316 3242 civiles
2354 3176 2568 3242 simul

323 3286 727 3350 continent:
767 3285 1051 3348 ratione
1087 3286 1413 3368 temporis
1441 3284 1513 3346 in
1543 3284 2014 3348 collectiones
2038 3286 2240 3348 Jurz's
2264 3286 2558 3368 antiqui,

321 3397 485 3460 novi
521 3412 607 3458 ac
641 3394 1249 3476 novissimi‚juxta
1286 3394 1531 3456 tritam
1559 3400 1631 3458 et
1655 3396 2108 3458 notissimam
2136 3396 2568 3460 divisionem

323 3500 369 3566 J
377 3502 521 3566 uris
571 3502 647 3564 in
703 3502 1067 3582 triplicem
1131 3500 1511 3582 epocham3
1553 3502 1790 3582 prima
1848 3502 1938 3564 ad
1996 3504 2366 3568 saeculum
2424 3502 2568 3568 XII

325 3612 649 3692 attingit;
679 3610 1001 3674 secunda
1037 3610 1301 3674 desinit
1333 3610 1427 3672 ad
1463 3610 1960 3674 Tridentinam
2000 3608 2393 3692 Synodum3
2424 3616 2564 3676 ter·

325 3720 431 3784 tia
463 3720 555 3784 ad
579 3720 763 3784 haec
789 3736 1015 3800 usque
1043 3724 1373 3800 tempora
1403 3720 1772 3802 pervenit.

509 3824 661 3890 190.
761 3824 973 3890 Circa
1009 3826 1156 3890 vim
1213 3832 1285 3888 et
1321 3844 1525 3890 usum
1589 3826 2102 3890 collectionum
2170 3826 2352 3890 haec
2386 3828 2564 3890 tam—

327 3936 547 4016 quam
593 3934 893 4014 regulae
947 3932 1329 4014 generales
1369 3934 1441 3994 in
1497 3938 1738 3996 mente
1804 3932 2188 3996 retinenda
2232 3938 2422 4016 sunt,
2466 3932 2568 3998 uti

327 4046 509 4108 scite
549 4044 1069 4108 animadvertit
1105 4042 1319 4108 Card.
1357 4042 1629 4124 Soglia:
1750 4038 1752 4040 ’

509 4150 613 4216 19
703 4152 787 4218 In
823 4154 1051 4218 causis
1079 4154 1243 4240 fidei
1275 4154 1472 4218 nulla
1527 4174 1668 4218 esse
1713 4160 1944 4236 potest
1996 4154 2178 4216 inter
2212 4150 2566 4216 Ecclesias

327 4262 761 4350 differentia,
819 4260 1033 4342 juxta
1099 4260 1678 4344 vulgatissimum
1738 4260 2040 4324 effatum
2106 4258 2560 4324 Tertulliani:
