3332 5100
1705 387 2021 447 ...28-

730 530 1213 616 investigare,
1249 532 1587 598 conferre
1622 535 1698 597 et
1733 533 2163 615 explanare,
2201 534 2279 598 ut
2312 530 2488 598 ordo
2523 531 2616 597 ab
2650 529 2989 598 Ecclesia

730 643 806 707 in
852 641 999 705 suis
1034 639 1602 704 institutionibus
1656 643 1728 704 et
1777 639 2132 722 regimine
2168 639 2478 704 diversis
2535 639 2986 724 temporibus

732 751 1069 812 servatus
1102 747 1325 828 plena
1370 746 1711 811 claritate
1761 729 2110 829 eluceret,
2151 751 2373 829 atque
2407 747 2511 811 ita
2565 751 2801 812 ortum
2858 747 2982 812 ha-

731 854 887 919 buit
934 854 1428 919 Ecclesiastica
1468 855 1896 938 Disciplina,
1933 854 2020 918 de
2070 872 2214 937 qua
2248 853 2739 919 testimonium
2783 853 2986 923 'adeo

730 962 1178 1026 luculentum
1236 967 1309 1025 et
1341 961 1810 1027 ineluctabile
1845 963 2052 1026 nobis
2087 962 2539 1046 reliquerunt
2571 961 2988 1026 Tridentini

732 1068 987 1134 Patres
1013 1069 1089 1132 in
1116 1067 1449 1132 Decretis
1476 1067 1564 1132 de
1592 1069 1876 1155 Reform
1889 1071 2140 1135 atione.

902 1157 1023 1239 27.
1120 1175 1547 1258 Disciplina,
1582 1175 1643 1238 si
1680 1175 1881 1240 vocis
1932 1181 2232 1258 etymon
2279 1179 2716 1260 spectemm,
2757 1195 2800 1240 a
2842 1178 2986 1242 die-

736 1282 945 1346 ceudo
1005 1280 1409 1361 derivatur,
1448 1281 1636 1346 sicut
1694 1283 2013 1348 doctrina
2062 1301 2104 1346 a
2137 1284 2467 1367 docendo,·
2499 1283 2690 1349 unde
2747 1283 2990 1349 ideam

737 1386 1221 1468 obedientiae,
1262 1387 1735 1468 subjectionis
1785 1392 1859 1453 et
1918 1389 2486 1472 dependientiae·
2510 1391 2586 1454 in
2633 1389 2791 1472 ipso
2841 1392 2988 1476 pri-

736 1510 998 1558 maevo
1051 1498 1409 1576 conceptu
1455 1494 1786 1578 includit,
1826 1497 2428 1578 quemadmodum
2462 1496 2794 1562 doctrina
2825 1517 2990 1564 sua·

738 1603 865 1683 pte
918 1606 1185 1665 natura
1238 1600 1643 1685 imperium,
1684 1604 2195 1669 auctoritatem
2251 1622 2339 1670 ac
2387 1604 2991 1688 superioritatem

743 1708 1069 1773 denotat.
2917 1795 2930 1808 ·

915 1814 1025 1878 28.
1122 1813 1194 1880 Si
1233 1834 1407 1880 vero
1442 1834 1594 1880 rem
1629 1818 1919 1883 nomine
1951 1818 2436 1900 significatam
2499 1820 2987 1904 attendamus,

722 1922 1147 2008 ‚Disciplina
1205 1922 1475 2006 duplici
1506 1941 1723 1989 sensu
1781 1927 2114 2008 usurpari
2150 1932 2417 2009 potest,
2460 1928 2604 1993 lato
2641 1926 2994 1994 videlicet

740 2035 813 2095 et
844 2033 1107 2096 stricto.-
1162 2030 1559 2112 improprie
1624 2037 1936 2115 sumpta,
1997 2033 2134 2096 hoc
2169 2037 2300 2116 est,
2339 2034 2584 2099 latiori
2618 2053 2832 2100 sensu
2867 2037 2992 2102 tri-

740 2138 1005 2220 plicem
1062 2136 1281 2200 habet
1328 2137 1958 2218 significationem:
2003 2140 2105 2202 1.Ο
2140 2140 2444 2206 sumitur
2476 2159 2610 2224 pro
2659 2143 2994 2225 quolibet

741 2252 1017 2326 statuto,
1054 2245 1214 2330 leye,
1250 2265 1507 2309 canone
1540 2245 1663 2308 vel
1721 2246 2184 2328 ordinatione;
2217 2246 2321 2312 2.⁰
2357 2266 2486 2331 pro
2546 2249 2988 2316 observantia

742 2351 864 2417 vel
890 2353 1309 2437 infractione
1336 2351 1578 2433 legum
1606 2353 2302 2436 ecclesiasticarum,
2328 2361 2400 2420 et
2425 2356 2532 2420 sic
2559 2357 2821 2422 dicitur
2849 2358 2989 2422 dis-
3013 2439 3021 2447 .

744 2458 1087 2540 ciplinam
1142 2460 1219 2523 in
1255 2460 1483 2545 viyore
1518 2476 1679 2524 esse
1713 2465 1838 2523 aut
1872 2461 2265 2526 relaoeatam
2321 2462 2789 2547 ejusdemque
2835 2485 2988 2530 ner-

744 2588 903 2631 vum
959 2566 1387 2649 disruptum3
1426 2565 1537 2637 3.⁰.
1589 2585 1719 2650 pro
1778 2584 2231 2650 quacumque
2274 2571 2522 2653 praoei,
2559 2570 2994 2637 institutione

742 2676 865 2740 vel
899 2694 1026 2739 usu
1054 2674 1551 2739 ecclesiastico
1588 2675 1912 2756 legitime
1935 2674 2226 2739 inducto
2260 2677 2433 2740 etin
2461 2678 2704 2759 aliquo
2731 2695 2989 2761 regne,
3079 2680 3092 2691 '

742 2782 1099 2864 peculiari
1134 2783 1449 2849 ecclesia
1482 2800 1610 2846 seu
1640 2782 2045 2847 determina
2081 2782 2396 2847 dioecesi
2423 2785 2748 2868 vigente,
2787 2792 2859 2849 et
2887 2786 2995 2851 ita

744 2891 821 2954 in
876 2891 1242 2954 nonnullis
1293 2891 1867 2974 quaestionibus,
1919 2891 2135 2955 rebus
2172 2892 2292 2955 vel
2350 2892 2994 2959 consuetudinibus

746 2997 1008 3061 adduci
1034 2997 1273 3061 solent
1326 2998 1465 3061 hae
1502 2998 1624 3062 vel
1652 2999 1826 3062 illae
1863 2996 2370 3079 dispositiones
2397 3000 2806 3065 servandae
2827 3001 2995 3081 Jux-

746 3107 823 3167 ta
858 3101 1317 3184 disciplinam
1348 3102 1849 3186 Hispanicam,
1891 3102 2254 3172 Gallicam
2289 3111 2417 3169 aut
2451 3104 2992 3191 Germanicam,

746 3210 1283 3292 Hispalensem,
1316 3210 1796 3275 Rhemensem
1833 3216 1958 3275 aut
1991 3211 2632 3279 Mediolanensem.

653 3304 660 3310 ’
928 3319 1037 3399 29.
1135 3318 1543 3402 Disciplina
1600 3338 1817 3385 sensu
1867 3323 2118 3386 stricto
2169 3340 2296 3387 seu
2345 3325 2640 3407 proprie
2675 3328 2992 3409 sumpta,

749 3427 1112 3509 triplicem
1170 3428 1389 3492 etiam
1426 3429 1928 3510 acceptionem
1967 3429 2312 3512 continet,
2355 3432 2624 3495 etenim
2655 3433 3000 3513 usurpari

747 3540 991 3619 potest
1019 3536 1374 3617 ejusmodi
1415 3537 1848 3601 vocabulum
1884 3538 2273 3625 efficienter,
2303 3539 2616 3624 effective
2649 3544 2720 3603 et
2753 3540 2992 3625 loyice.

752 3642 853 3709 1.⁰
888 3643 1263 3725 Accipitur
1298 3645 1672 3730 efficienter
1697 3662 1824 3709 seu
1858 3644 2052 3727 quod
2079 3644 2267 3709 idem
2295 3648 2428 3728 est,
2461 3664 2591 3729 pro
2627 3668 2838 3711 cauea
2871 3651 3000 3712 aut

750 3752 1134 3834 complexu
1162 3751 1427 3833 legum,
1462 3756 1533 3815 et
1563 3756 1736 3816 tunc
1763 3751 2047 3816 definiri
2073 3756 2337 3833 potest:
2383 3750 2698 3819 Collectio
2725 3754 2998 3839 requia-

750 3881 904 3923 rum
954 3880 1125 3942 quas
1154 3857 1471 3923 Ecclesia
1530 3859 1826 3923 diversis
1884 3860 2300 3943 temporibus
2355 3862 2430 3925 in
2483 3882 2606 3926 suo
2665 3860 3000 3946 reyimine

737 3964 1055 4049 practico
1078 3984 1217 4049 pro
1252 3966 1563 4029 omnibus
1601 3964 1860 4031 Christi
1885 3966 2204 4052 fidelibus
2236 3966 2542 4031 instituit
2599 3966 2694 4033 ad
2727 3967 2998 4031 anima-

748 4095 902 4139 rum
930 4076 1567 4160 sanctificationem,-
1592 4072 1697 4137 2.⁰
1735 4074 2092 4155 accipitur
2118 4074 2431 4159 effective
2457 4092 2585 4137 seu
2617 4092 2751 4156 pro
2779 4074 3004 4159 efectu

752 4187 877 4245 aut
911 4178 1161 4245 ordine
1211 4186 1284 4245 et
1314 4180 1831 4261 uniformitate,
1871 4186 1944 4244 et
1977 4180 2082 4244 sic
2118 4180 2478 4246 definitur:
2523 4181 2710 4246 Ordo
2749 4180 2831 4246 ab
2867 4179 3002 4246 Ec·

752 4290 963 4357 cleeia
1009 4289 1083 4355 iu
1114 4311 1236 4355 suo
1269 4291 1597 4377 reqimine
1630 4289 1927 4355 diversis
1963 4291 2378 4375 temporibus
2414 4290 2774 4355 institutus
2809 4290 3004 4356 circa
