3332 5100
843 368 959 413 xlv

765 503 1270 600 elegantiori
1336 510 1593 599 atque
1672 502 2091 600 perpolito
2177 501 2545 599 undique
2634 510 2991 577 scatent.

761 628 975 703 Prae
1033 626 1423 703 manibus
1482 627 1821 723 habete,
1895 628 2250 703 studiosi
2317 647 2417 731 ac
2474 627 2999 703 dilectissimi

755 755 1111 849 juvenes
1144 754 1233 827 in
1269 762 1581 828 sortem
1615 746 1933 849 domini
1972 754 2437 859 vocati'aut
2466 754 2553 829 in
2610 763 2996 831 sanctua-

760 878 978 952 rium
1037 878 1215 973 Jam
1286 876 1690 974 cooptati,
1766 878 2390 977 sapientissima
2469 885 2553 953 et
2627 880 2999 977 pretiosa

763 1025 1020 1100 opera
1062 1004 1446 1077 doctrina
1487 1010 1598 1087 et,
1633 1004 2107 1079 eruditione
2165 1025 2331 1077 non
2398 1003 2671 1076 minus
2747 1023 2999 1099 quam

763 1129 1268 1203 orthodoxia
1309 1138 1394 1201 et
1434 1130 1935 1224 integritate
1974 1130 2319 1223 referta3
2359 1128 2649 1202 divina
2700 1150 2858 1225 ope
2912 1129 3000 1201 in

763 1255 1515 1351 disceptationibus
1595 1255 2020 1328 canonicis
2095 1254 2397 1350 ingens
2492 1254 2999 1349 optimorum

771 1379 1184 1454 librorum
1261 1379 1507 1476 copia
1585 1385 1895 1471 exstat,
1970 1399 2179 1475 quos
2223 1377 2511 1474 legere
2585 1384 2667 1451 et
2734 1377 2997 1475 perle-

759 1498 988 1603 gere'
1024 1505 1388 1603 perutile
1463 1513 1619 1600 est3
1691 1504 1842 1578 hos
1903 1504 2085 1578 sine
2149 1502 2525 1600 periculo
2594 1502 2992 1597 evolvite,

759 1631 911 1706 hos
976 1629 1348 1703 maximo
1417 1650 1608 1704 cum
1681 1629 1962 1704 fructu
2036 1626 2476 1722 consulite,
2543 1632 2626 1701 et
2682 1627 2833 1720 ita,
2908 1633 3000 1700 ut

757 1754 1042 1831 verbis
1075 1761 1270 1833 utar
1307 1754 1593 1830 Sancti
1625 1754 1974 1829 Maximi
2014 1752 2587 1828 Taurinensis:
2666 1744 2831 1828 Per
2867 1774 3002 1829 re·-

762 1872 1053 1981 liqiosz'
1085 1872 1423 1955 itineris
1494 1873 1681 1955 vias
1745 1902 1845 1955 ac
1908 1871 2296 1955 veritatis
2360 1870 2727 1971 semitae,
2790 1898 3003 1980 quas

759 1998 1160 2081 universa
1199 2010 1417 2080 tenet
1453 1998 1869 2098 Ecclesia,
1916 1998 2431 2106 yradienteS,
2493 1998 2766 2105 mayis
2829 2022 2999 2078 ma-

752 2124 1053 2233 yz‘sque
1081 2122 1695 2207 haereticorum
1736 2125 1985 2207 devia
2049 2136 2127 2206 et
2193 2122 2621 2208 diabolica
2686 2124 3002 2206 calcate

751 2248 1153 2359 figmenta
1195 2249 1344 2353 (1).

975 2382 1135 2456 Pro
1177 2383 1572 2477 coronide
1633 2380 1881 2476 hujus
1949 2381 2656 2479 praestantissimi
2704 2380 3003 2455 moniti

764 2515 1331 2607 opportunum
1399 2508 1644 2584 nobis
1710 2508 2054 2584 videtur
2120 2508 2207 2583 in
2270 2506 2765 2582 memoriam
2832 2527 3001 2581 om-

759 2635 1019 2729 nium,
1068 2635 1212 2731 qui
1289 2633 1715 2709 canonicis
1786 2632 2255 2731 disciplinis
2319 2631 2758 2706 intendere
2833 2638 3002 2705 stu-

761 2761 989 2856 dent,
1028 2781 1435 2836 revocare
1464 2759 1996 2835 luculentum
2029 2765 2112 2834 et
2152 2757 2715 2833 decretorium
2753 2778 3002 2832 vene-

760 2885 1053 2960 rabilis
1126 2883 1556 2961 Pontificis
1654 2886 1785 2959 Pii
1870 2885 1991 2959 IX
2066 2875 2643 2974 testimonium
2708 2884 2830 2959 sic
2894 2883 3003 2958 ad

761 3009 1223 3108 Episcopos
1256 3007 1589 3086 Galliae
1629 3011 2169 3106 alloquentis:
2217 3001 2810 3085 Adolescentes
2848 3003 3002 3085 cle-

765 3127 935 3211 rici
968 3129 1060 3211 in
1101 3129 1402 3212 vestris
1441 3128 2034 3213 seminariis...
2081 3153 2523 3210 sacrorum
2582 3155 3005 3210 canonum

761 3255 1230 3358 scientiam,
1298 3284 1398 3338 em
1471 3253 1961 3338 auctoribus
2039 3253 2142 3336 ab
2217 3250 2715 3362 Apostolica
2788 3251 3005 3336 Sede

754 3379 1143 3487 probatis
1182 3380 1797 3488 depromptam,
1842 3375 2242 3487 consequi
2270 3379 2611 3462 valeant
2648 3380 2784 3483 (2).

902 4166 978 4232 (1)
1046 4162 1211 4220 Hom.
1237 4166 1288 4231 9,
1309 4160 1412 4217 int.
1436 4159 1669 4234 hyemat.

907 4253 987 4323 (2)
1060 4251 1362 4318 Encyclica
1386 4249 1546 4306 Inter
1568 4247 1898 4319 multiplices
1920 4251 2011 4316 (21
2040 4249 2234 4306 Martii
2262 4251 2435 4319 1868).
