3332 5100
1686 386 1960 448 ...6.-

706 531 811 600 5.⁰
836 554 972 619 pro
1009 534 1347 600 sententia
1373 533 1663 616 JudiciS‚
1713 534 1885 616 quia
1901 534 2132 621 judea)
2167 553 2209 598 a
2224 536 2395 621 jin-e
2457 535 2743 600 dicendo
2777 552 2937 617 pro·

706 641 934 722 venit,
974 657 1101 704 seu
1137 640 1328 722 quod
1360 640 1549 704 idem
1586 644 1697 704 est
1723 658 1766 702 a
1776 641 1972 726 juris
2001 640 2497 722 declaratione,·
2533 640 2635 704 6.“
2657 659 2789 723 pro
2823 663 2938 707 no·

706 747 864 811 titia
888 765 1017 810 seu
1044 746 1455 828 cognitione
1489 747 1754 828 legum,
1786 746 1952 812 hinc
1971 747 2569 832 jurisprudentia,
2585 749 2939 832 juriscon-

703 854 1451 939 sultus,juri3perita3;
1485 851 1587 916 79)
1624 870 1756 935 pro
1791 855 2084 918 scientia
2120 853 2242 918 vel
2279 853 2689 936 disciplina,
2751 873 2938 937 quae

706 959 794 1023 de
847 959 1084 1024 studio
1150 959 1392 1040 legum
1450 959 1625 1040 agit,
1689 959 1856 1024 inde
1891 959 2424 1042 appellationes
2482 962 2797 1046 magistri
2858 965 2931 1025 et

704 1066 974 1132 alumni
998 1065 1225 1131 Juris.

880 1171 947 1236 9.
1046 1171 1222 1238 Cum
1250 1172 1369 1254 jus
1398 1171 1473 1236 in
1505 1190 1721 1237 sensu
1747 1174 2058 1260 formali,
2126 1177 2200 1237 ut
2237 1191 2469 1257 nuper
2531 1173 2917 1257 innuimuS,

704 1279 1096 1363 dupliciter
1128 1283 1481 1361 sumatur,
1522 1279 1891 1363 videlicet,
1930 1282 2049 1344 vel
2083 1298 2214 1363 pro
2249 1281 2601 1345 facultate
2638 1281 2930 1363 agendi,

694 1386 907 1468 juxta
943 1386 1349 1468 Digestum,
1388 1386 1508 1450 vel
1544 1404 1673 1468 pro
1711 1387 2142 1452 executione
2176 1387 2584 1469 hujusmodi
2632 1387 2932 1452 faculta-

702 1493 819 1574 tis,
858 1493 1025 1557 hinc
1050 1494 1121 1558 in
1156 1492 1391 1574 prima
1424 1495 1854 1575 acceptione
1882 1493 2164 1557 definiri
2197 1499 2440 1576 potest
2465 1511 2627 1558 cum
2655 1493 2932 1576 Cavag-

702 1601 838 1664 nis:
868 1601 1197 1666 Facultas
1232 1601 1517 1664 moralis
1572 1601 1844 1684 aliquid
1891 1601 2159 1686 agendi,
2220 1602 2576 1666 omittendi
2633 1609 2754 1666 aut
2791 1603 2931 1665 eoei·

698 1708 901 1792 qendi
936 1706 1391 1786 inviolabili8,·
1427 1723 1555 1769 seu
1589 1723 1749 1770 cum
1777 1706 2049 1770 Prisco:
2078 1708 2384 1787 facultas
2419 1708 2707 1772 moralis
2731 1715 2798 1771 et
2830 1709 2931 1771 in·

700 1815 1070 1894 violabili&
1100 1834 1236 1896 qua
1268 1813 1521 1896 yaudet
1550 1812 1746 1879 homo
1772 1813 1866 1877 ad
1900 1814 2238 1899 agendum
2261 1815 2632 1879 secunda-m
2657 1815 2933 1879 relatio·

699 1942 818 1988 nes
848 1921 1187 1986 humanae
1218 1927 1511 1984 naturae
1540 1921 1960 1986 essentiales,
1995 1920 2080 1984 In
2114 1922 2434 1986 secunda
2471 1939 2647 1986 vero
2677 1938 2931 2004 accep-
3015 2001 3021 2008 ,

698 2030 897 2093 tione
921 2029 1194 2110 passim
1229 2028 1590 2091 definitur:
1629 2029 1802 2112 Ipsa
1835 2031 2018 2096 actio
2053 2031 2334 2096 omissio
2381 2031 2488 2094 vel
2521 2032 2788 2096 emactio
2822 2051 2931 2095 ca·

696 2136 812 2212 ius
846 2142 945 2200 est
970 2135 1281 2220 facultas
1316 2134 1625 2199 moralis.

875 2239 918 2304 J
928 2258 1005 2304 us
1032 2240 1354 2326 objective
1382 2245 1745 2320 sumptum
1775 2239 2133 2305 definitur:
2154 2242 2322 2326 Ipsa
2345 2263 2458 2306 res
2478 2243 2580 2307 vel
2605 2243 2932 2329 objectum

695 2348 771 2412 in
802 2348 982 2430 quod
1025 2348 1214 2411 cadit
1246 2347 1448 2426 actio,
1484 2347 1763 2411 omissio
1797 2349 1903 2412 vel
1959 2351 2225 2414 ercactio
2281 2349 2589 2414 habentis
2630 2351 2929 2435 faculta-

702 2462 863 2536 tem,·
897 2459 969 2518 et
993 2455 1132 2518 hoc
1166 2453 1519 2518 materiali
1555 2470 1774 2516 sensu
1824 2462 2246 2538 usurpatum
2274 2462 2422 2520 tres
2466 2458 2931 2538 acceptiones

697 2564 943 2647 habet,
974 2580 1259 2645 nempe,
1287 2563 1694 2647 qeneralem,
1729 2566 2097 2647 specialem
2131 2569 2348 2647 atque
2389 2566 2772 2630 radicalem
2805 2584 2934 2629 seu

700 2672 1203 2755 originariam3
1266 2671 1434 2735 inde
1498 2680 1886 2753 sequentes
1945 2672 2422 2737 definitiones,
2475 2674 2515 2737 J
2527 2692 2604 2737 us
2661 2674 2900 2757 objecti
2913 2710 2930 2719 -

696 2802 772 2846 ve
800 2780 1340 2844 consideratum
1374 2779 1822 2861 generaliter
1859 2778 2142 2842 definiri
2168 2781 2376 2845 solet:
2412 2783 2499 2845 Id
2527 2801 2718 2847 omne
2755 2781 2932 2864 quod

692 2908 983 2971 aequa-m
1010 2894 1071 2951 et
1087 2889 1365 2972 justum
1388 2894 1507 2967 est,
1542 2885 1681 2948 hoc
1703 2890 1837 2967 est,
1870 2887 2048 2969 qnod
2074 2895 2172 2952 est
2199 2890 2543 2973 conforme
2569 2886 2932 2952 dictamini

693 3000 1009 3080 rationiS,
1044 2999 1176 3082 leyi
1210 2998 1490 3061 divi-nae
1526 3003 1588 3060 et
1618 2996 1985 3077 humanae;
2034 2998 2452 3079 specialiter
2518 2999 2623 3062 sic
2689 3003 2926 3061 sonat:

691 3108 780 3171 Id
812 3127 1002 3171 omne
1039 3105 1217 3189 quod
1278 3104 1487 3169 alteri
1521 3105 1799 3167 debetur
1834 3125 1919 3168 em
1951 3106 2196 3168 stricta
2213 3105 2531 3189 justitia,·
2594 3104 2928 3167 radicali-

694 3222 807 3280 ter
842 3215 963 3281 vel
996 3213 1389 3296 originarie
1424 3213 1563 3277 dici
1595 3218 1860 3295 potest:
1906 3212 2176 3277 Titulus
2205 3215 2310 3277 rei
2345 3214 2632 3296 debitae,
2668 3216 2772 3280 vel
2819 3235 2929 3279 ra-

695 3327 788 3392 tio
827 3325 1228 3405 eoeactionis,
1258 3329 1378 3387 aut
1406 3325 1936 3409 fundamentum
1966 3324 2420 3408 obligationis·

871 3434 1202 3517 Demum‚
1264 3433 1383 3515 jus
1416 3434 1735 3519 leqaliter
1768 3434 2175 3515 inspectum
2227 3432 2585 3497 definitur:
2620 3434 2784 3517 Ipsa
2817 3433 2932 3498 lea>

692 3543 983 3609 moralis
1016 3564 1101 3609 ecc
1124 3563 1259 3627 qua
1293 3543 1602 3627 eoesurqit
1620 3542 1930 3627 facultas
1955 3542 2244 3606 moralis
2273 3561 2391 3605 sea
2410 3543 2536 3627 jas
2566 3542 2930 3627 subjective

691 3661 1057 3737 sumptum,
1092 3654 1234 3717 sive
1270 3651 1607 3737 ejusmodi
1638 3651 1754 3715 leoe
1787 3654 1879 3717 sit
1929 3651 2300 3733 naturalis,
2339 3651 2480 3714 sive
2540 3670 2716 3714 mere
2737 3650 2928 3733 posi-

692 3764 857 3845 tiva,
898 3763 1039 3827 sive
1074 3764 1325 3846 mioeta,·
1360 3766 1435 3825 at
1468 3779 1645 3827 vero
1682 3762 1742 3825 si
1778 3779 1909 3843 pro
1962 3762 2392 3826 collectione
2451 3762 2690 3843 legum
2743 3762 2929 3824 acci-

692 3870 935 3951 piatur
960 3870 1080 3951 jus
1115 3874 1187 3934 et
1220 3889 1363 3935 non
1398 3873 1680 3933 tantum
1716 3888 1846 3951 pro
1884 3869 2071 3951 lege,
2102 3873 2276 3933 tunc
2311 3870 2785 3933 communiter
2818 3868 2923 3932 ita

694 3978 1149 4044 describitur:
1192 3978 1598 4064 Compleoeus
1623 3979 1732 4042 vel
1766 3986 2062 4063 systema
2095 3978 2336 4063 leyum,
2375 3980 2616 4063 quibas
2662 3980 2842 4065 jura
2868 3986 2931 4043 et

690 4088 921 4175 officia
953 4090 1253 4174 alicujus
1291 4089 1638 4155 societatis
1673 4086 2114 4172 definiuntur.

870 4195 976 4259 10.
1072 4195 1116 4260 J
1124 4214 1203 4259 us
1234 4197 1598 4282 eanective
1634 4200 2015 4275 acceptum
2065 4193 2434 4259 dividitur:
2477 4194 2579 4258 1.ο
2615 4195 2687 4258 in
2724 4196 2927 4261 inna-

691 4308 835 4368 tam
868 4308 940 4366 et
973 4304 1420 4387 adquisitam
1450 4292 1916 4385 primum'est,
1957 4301 2148 4383 quod
2181 4301 2342 4384 ipsa
2370 4304 2626 4366 natura
2672 4302 2923 4367 funda·
