3332 5100
1248 331 1605 390 -„-121--

315 474 639 558 jungitur
663 478 924 562 scripto
958 480 1038 542 ut
1072 476 1607 542 discriminetur
1641 495 1683 541 a
1729 479 1927 543 vivae
1983 479 2167 543 vocis
2223 479 2546 561 umentia,

314 602 499 665 quae
533 588 699 646 sunt
733 584 1293 666 declarationes,
1343 584 1789 649 decissiones
1827 587 1899 647 et
1963 587 2472 649 concessiones
2506 605 2550 649 a

312 688 450 752 RR.
491 688 956 754 Pontificibus
993 706 1118 754 ore
1155 694 1366 755 tenus
1401 692 1671 771 factae,
1733 695 1951 773 atque
2009 693 2225 755 etiam
2263 711 2305 755 a
2337 695 2550 757 Brevi

309 793 727 880 Apostolico,
777 796 1085 860 formam
1141 798 1663 863 accidentaliter
1729 799 2141 861 distinctam
2205 799 2546 881 habente,

312 920 472 967 cum
504 904 642 968 hoc
678 903 772 967 sit
835 904 1425 986 compendiosum
1491 907 1889 987 paucisque
1957 907 2199 971 verbis
2259 907 2550 989 expedi-

310 1015 458 1076 tum
492 1010 1397 1094 rescriptum,·exprimens
1436 1011 1511 1076 in
1535 1031 1709 1075 cera
1767 1011 1991 1075 rubra
2049 1013 2363 1095 sigillum
2418 1013 2550 1077 Pa-

310 1135 448 1200 pae
505 1136 669 1183 cum
725 1117 1263 1200 subscriptione
1330 1118 1571 1183 datum
1635 1121 1757 1183 sub
1821 1121 2077 1185 annulo
2143 1121 2548 1203 Piscatori&

310 1226 671 1309 rescripta
708 1229 949 1291 autem
984 1226 1281 1309 proprie
1318 1225 1538 1309 dicta,
1579 1227 1639 1289 si
1671 1227 1817 1291 sint
1861 1229 2155 1311 qratiae,
2185 1227 2552 1293 bullentur

309 1351 470 1398 oum
504 1334 626 1397 filo
660 1333 896 1398 serico
931 1332 1151 1398 rubro
1214 1336 1288 1397 et
1346 1350 1633 1417 croces,
1695 1333 1757 1397 si
1793 1335 2143 1421 justitiae,
2213 1353 2373 1399 cum
2430 1335 2550 1399 filo

308 1439 686 1522 cannabis,
725 1457 863 1521 quo
897 1438 1171 1522 pendet
1204 1439 1599 1521 plumbum;
1657 1439 1889 1505 verba
1923 1441 2015 1505 ad
2077 1441 2367 1505 alterius
2432 1459 2552 1505 ex-

307 1548 629 1629 primunt
680 1546 1178 1611 differentiam
1225 1547 1747 1630 rescriptorum
1805 1567 1849 1611 a
1923 1547 2550 1631 constitutionibus,

309 1672 495 1737 quae
530 1656 864 1719 feruntur
896 1655 973 1717 in
1013 1671 1309 1737 genere,
1367 1661 1444 1719 ut
1476 1655 1741 1718 exinde
1807 1673 2017 1719 casus
2069 1657 2552 1737 particulares

310 1762 567 1826 deduci
603 1765 896 1843 queant,
931 1760 1099 1825 dum
1126 1762 1489 1844 rescripta
1525 1763 1787 1827 dentur
1821 1763 1913 1825 ad
1941 1765 2361 1827 instantiam
2387 1783 2550 1845 par-

306 1869 507 1952 tium,
548 1873 696 1932 uta
723 1868 1044 1951 paritate
1079 1873 1359 1932 tantum
1393 1870 1699 1933 rationis
1757 1871 1977 1933 liceat
2027 1869 2548 1951 argumentari3

305 1982 678 2057 postrema
734 1975 1097 2041 vocabula
1160 1977 1729 2043 consultatione-m
1801 1979 1907 2041 vel
1977 1979 2554 2063 supplicationem

305 2084 591 2165 species
616 2084 1144 2165 rescriptorum
1179 2083 1657 2166 distinguunt.

436 2190 824 2273 Rescripta
855 2210 987 2274 pro
1039 2192 1252 2257 varia
1309 2195 1767 2275 negotiorum
1823 2195 2193 2275 gravitate
2251 2195 2371 2261 vel
2422 2213 2552 2277 per

306 2297 711 2380 simplicem
746 2296 1172 2383 Sripturam,
1210 2300 1333 2365 vel
1357 2318 1490 2383 per
1520 2299 1767 2363 Bullas
1827 2307 1953 2365 aut
2011 2303 2279 2367 Brevia
2335 2321 2550 2385 expe-

307 2404 622 2488 diuntur,
667 2408 885 2488 atque
920 2408 1151 2471 tribus
1187 2408 1517 2490 partibus
1553 2413 1917 2491 constant,
1957 2429 2241 2493 nempe,
2303 2429 2548 2475 narra-

306 2514 528 2598 tione,
570 2511 1102 2598 supplicatione
1136 2520 1209 2580 et
1243 2517 1733 2582 conclusione:
1773 2519 1871 2580 1.⁰
1903 2519 2245 2584 Narratio
2281 2519 2550 2600 suppli-

306 2623 540 2687 cantis
575 2641 613 2688 a
653 2624 1103 2688 rescribente
1137 2626 1522 2706 repetitum
1563 2624 1671 2690 2.⁰
1725 2626 2275 2710 &applicationis
2301 2648 2550 2696 causae

305 2731 828 2813 ponderantur3
866 2731 970 2794 3.⁰
1008 2730 1365 2799 Conclusio
1400 2749 1526 2798 seu
1557 2736 1971 2818 dispositiva
2009 2742 2117 2798 est
2143 2754 2315 2816 pars
2341 2754 2550 2818 prae-

306 2840 523 2922 cipua
555 2841 919 2924 rescripti,
973 2859 1120 2924 qua
1182 2841 1512 2906 Summus
1575 2844 1911 2908 Pontifex
1977 2850 2291 2908 mentem
2345 2864 2550 2910 suam

309 2949 575 3030 aperit,
615 2948 1059 3015 declarando
1098 2950 1288 3032 quid,
1329 2951 1645 3033 qualiter
1695 2956 1767 3016 et
1821 2952 1953 3016 sub
2015 2954 2269 3034 quibus
2309 2954 2548 3016 condi-

306 3056 622 3119 tionibus
660 3058 1040 3121 concedat.

439 3163 594 3228 103.
693 3162 870 3228 Cum
905 3166 1289 3248 rescripta,
1322 3167 1536 3248 juxta
1593 3168 2009 3232 eorumdem
2075 3172 2412 3232 naturam
2478 3174 2550 3234 et

307 3270 453 3336 vim
492 3272 943 3354 canonicam,
976 3273 1157 3338 nihil
1194 3276 1392 3340 aliud
1426 3276 1593 3356 sint,
1635 3294 1851 3358 quam
1891 3276 2253 3340 “Litterae
2309 3276 2546 3340 Ponti-

306 3378 515 3443 fioiae
535 3378 655 3459 jus
691 3383 1039 3444 statutum
1087 3382 1601 3466 applicantem,-
1631 3390 1755 3448 aut
1809 3386 2231 3448 necessitati
2287 3386 2546 3448 transi-

309 3490 539 3554 toriae
573 3488 761 3554 inter
794 3491 1126 3572 privatos
1164 3493 1665 3576 providentes,
1725 3496 1925 3558 recte
1991 3496 2333 3576 distingui
2385 3514 2547 3576 pos-

310 3603 472 3663 sunt
502 3600 578 3664 in
611 3601 973 3683 rescripta
994 3603 1197 3668 Juris
1218 3607 1290 3667 et
1311 3603 1671 3686 rescripta
1697 3606 1921 3668 Facti:
1959 3604 2319 3684 rescripta
2345 3604 2548 3666 Jaris

309 3711 704 3792 vocantur„
742 3729 913 3791 quae
943 3710 1234 3793 praevia
1270 3710 1765 3776 consultatione
1811 3712 2107 3774 eduntur
2133 3728 2175 3772 a
2203 3710 2546 3772 Romanis

309 3813 773 3879 Pontificibus
809 3816 901 3878 ad
930 3817 1166 3898 legem
1204 3819 1484 3881 claram
1522 3818 2117 3896 confirmandam,
2147 3816 2269 3880 vel
2309 3800 2546 3897 legem

312 3924 690 3987 obscuram
723 3925 1374 4008 interpretandam,
1411 3927 1535 3990 vel
1587 3928 1705 4008 jus
1767 3944 2035 3990 novum
2085 3924 2546 3990 statuendum

311 4027 381 4092 in
415 4047 589 4095 casu
622 4030 1075 4113 particulari,
1114 4031 1203 4095 de
1235 4050 1374 4115 quo
1410 4031 1591 4095 nihil
1627 4038 1735 4094 est
1771 4032 2151 4110 sancitum,
2191 4030 2313 4094 vel
2349 4030 2542 4094 deni-

314 4153 447 4218 que
483 4139 944 4221 quaestiones
979 4140 1391 4222 propositas
1426 4138 1889 4224 solvendas„
1929 4138 2359 4220 Hujusmodi
2395 4156 2544 4202 res-

315 4246 706 4334 criptorum
742 4247 1156 4331 exemplum
1220 4248 1428 4313 nobis
1489 4248 1785 4312 exhibet
1849 4252 2069 4330 caput
2143 4246 2177 4312 Ι
2237 4248 2317 4312 de
2383 4248 2546 4312 novi
