3332 5100
1217 323 1573 382 -279-

290 469 465 534 ralia
501 466 849 534 Trullano
881 467 1160 534 incluso
1199 472 1272 534 et
1303 468 1389 533 96
1419 467 1930 551 provincialia3
1972 464 2408 532 Decretales
2432 466 2520 532 78

289 575 727 658 Pontificum,
767 577 999 641 effata
1033 576 1119 640 36
1152 575 1450 639 Patrum
1515 578 1994 656 veterumque
2052 576 2514 656 scriptorum,

287 684 694 748 testimonia
729 683 1085 748 extribus
1135 682 1372 747 Libris
1420 682 2072 747 Poenitentialibus
2130 682 2516 764 Theodori,

284 789 516 856 Bedae
552 796 626 856 et
659 793 980 857 Romano
1019 791 1425 874 desumpta,
1462 791 1665 873 leges
1704 789 2046 854 Codicum
2084 790 2516 854 Theodosia-

284 898 354 960 ni
411 916 499 963 ac
554 898 599 964 J
605 897 1469 979 ustinianei,·sententias
1518 897 2149 979 jurisprudentum
2206 898 2412 960 Pauli
2448 902 2522 960 et

285 1004 599 1087 Ulpiani,
669 1004 1106 1088 capitularia
1168 1005 1443 1086 Regum
1490 1003 1966 1084 Francorum,
2026 1004 2374 1066 nonnulla
2408 1022 2514 1066 re-

281 1110 549 1193 scripta
605 1110 1137 1193 Imperatorum
1189 1109 1604 1176 Occidentis
1636 1116 1710 1174 et
1741 1110 1952 1174 varia
1986 1110 2396 1190 fragmenta
2432 1128 2522 1174 ex

281 1216 492 1282 Libro
529 1218 835 1297 Diurn0,
869 1215 1138 1283 Ordine
1172 1218 1496 1284 Romano
1532 1222 1605 1283 et
1637 1218 1962 1283 Historia
2000 1218 2522 1282 Ecclesiastica

282 1326 705 1410 deprompta
739 1327 860 1407 (1).

452 1435 812 1499 Methodas
846 1438 918 1498 et
945 1434 1303 1500 Eoetensio.
1387 1434 1824 1518 Compilatio
1886 1434 2284 1500 Gratianea
2330 1434 2522 1498 inter

279 1540 646 1623 perfectas
703 1542 1157 1606 recensenda
1214 1543 1289 1606 in
1323 1544 1473 1607 tres
1524 1549 1774 1625 partes
1827 1542 2196 1606 dividitur:
2258 1542 2518 1624 prima,

281 1666 463 1730 quae
496 1648 949 1731 potissimum
987 1649 1076 1713 de
1097 1651 1444 1733 personis,
1483 1649 1621 1714 hoc
1655 1653 1796 1732 est,
1830 1650 1916 1714 de
1946 1650 2228 1730 juribus
2264 1653 2338 1712 et
2372 1650 2522 1712 offi-

280 1754 404 1818 ciis
441 1755 900 1837 clericorum,
942 1756 1067 1822 101
1105 1757 1697 1823 distinctionibus
1757 1764 2070 1838 constat,
2124 1762 2196 1820 et
2252 1758 2522 1838 quaeli-

278 1861 398 1926 bet
431 1861 800 1928 distinctio
837 1864 1084 1945 plures
1119 1883 1440 1930 canones
1500 1884 1631 1931 seu
1693 1868 1936 1948 capita
1988 1866 2518 1948 complectitur;

278 1969 596 2033 secunda
652 1969 740 2033 de
783 1971 1087 2056 judiciis
1146 1974 1629 2038 ecclesiasticis
1666 1972 1982 2054 disserit,
2050 1976 2120 2036 et
2184 1972 2522 2036 tribuitur

278 2094 419 2140 non
453 2077 531 2140 in
592 2076 1124 2160 distinctioneS,
1184 2079 1420 2143 sedin
1470 2080 1554 2144 37
1588 2098 1876 2160 causaS,
1918 2085 1988 2142 et
2044 2096 2522 2162 unaquaeque

281 2199 500 2246 causa
535 2183 608 2246 in
642 2183 890 2265 plures
915 2186 1406 2266 quaestiones,
1440 2188 1768 2268 quaestio
1801 2194 2040 2250 autem
2072 2188 2144 2250 in
2172 2204 2518 2268 canone8‚

280 2290 531 2353 ordine
559 2290 871 2372 abrupto
909 2299 1072 2371 post
1098 2309 1394 2356 causam
1435 2293 1758 2358 XXXIII
1816 2296 2242 2376 quaestione
2276 2296 2518 2374 tertia,

280 2397 393 2460 cui
425 2397 772 2478 adjicitur
811 2398 1181 2463 Tractatus
1216 2401 1296 2464 de
1319 2404 1755 2484 poenitentia
1805 2402 1876 2464 in
1912 2412 2190 2482 septem
2228 2402 2520 2464 distinc-

278 2504 510 2570 tiones
548 2507 850 2587 divisus3
887 2509 1105 2572 tertia
1141 2508 1228 2572 de
1262 2512 1463 2575 rebus
1499 2519 1562 2576 et
1590 2511 1842 2575 ritibus
1878 2512 2100 2575 sacris
2138 2514 2518 2591 tractatur,

279 2631 495 2695 quam
531 2615 620 2677 ob
656 2632 953 2679 causam
988 2615 1076 2679 de
1117 2615 1640 2683 Consecratione
1675 2619 2030 2701 inscripta
2060 2627 2188 2699 est,
2224 2625 2294 2681 et
2322 2621 2524 2683 velut

278 2724 516 2804 prima
548 2724 621 2787 in
655 2723 698 2787 ὅ
749 2724 1248 2789 distinctiones
1309 2722 1771 2810 dispescitur,
1832 2733 1904 2791 et
1960 2729 2328 2809 quaelibet
2386 2727 2522 2791 dis-

278 2832 534 2896 tinctio
568 2833 644 2896 in
679 2850 1024 2898 canones,

411 2938 1162 3006 Animadvertendum
1210 2944 1458 3006 tamen
1486 2946 1597 3007 est
1625 2940 2056 3007 Gratianum
2091 2961 2234 3005 non
2268 2941 2522 3005 eadem

279 3048 618 3113 methodo
652 3066 858 3112 usum
893 3066 1054 3114 esse
1087 3050 1162 3114 in
1196 3052 1631 3132 exponenda
1682 3069 1814 3116 sua
1851 3053 2308 3131 collectione3
2354 3069 2524 3113 nam

279 3157 353 3221 in
406 3158 646 3239 prima
701 3163 774 3222 et
828 3160 1048 3223 tertia
1107 3165 1344 3242 parte,
1378 3165 1750 3244 tamquam
1807 3179 2028 3226 verus
2082 3165 2524 3243 praeceptor

279 3282 434 3329 rem
467 3268 698 3332 totam
733 3268 1085 3350 explanat
1119 3267 1208 3331 de
1240 3285 1384 3332 una
1418 3269 1494 3332 in
1554 3270 1777 3333 aliam
1836 3269 2394 3343 distinctionem,
2436 3267 2524 3331 de

423 3444 503 3510 (1)
575 3444 644 3496 In
665 3444 904 3496 Decreto
937 3443 1196 3497 Gratiani
1235 3445 1595 3511 reperiuntur
1620 3446 1725 3499 390
1786 3462 2034 3499 canones
2074 3445 2184 3499 sub
2232 3445 2526 3499 Paleaein-

282 3517 590 3582 scriptione
617 3516 794 3567 relati.
816 3515 900 3567 De
919 3515 1137 3581 origine
1162 3516 1340 3582 hujus
1362 3520 1518 3569 vocis
1543 3534 1658 3570 non
1688 3523 2034 3570 conveniunt
2061 3519 2211 3569 inter
2236 3533 2298 3569 se
2324 3517 2520 3569 critici.

281 3586 476 3653 Aliqui
504 3591 710 3653 putant
732 3602 822 3639 res
847 3587 1077 3641 levioris
1105 3588 1383 3640 momenti
1405 3594 1464 3641 et
1487 3590 1813 3654 antiquatas
1839 3591 1950 3641 illis
2000 3589 2314 3641 canonibus
2352 3587 2524 3641 conti·

282 3660 422 3724 neri,
449 3659 733 3724 exlingua
761 3674 960 3723 graeca
988 3658 1324 3711 vocabulum
1354 3659 1698 3721 derivantes;
1726 3662 1822 3711 alii
1880 3665 2074 3711 rentur
2116 3661 2304 3711 aliena
2352 3673 2524 3709 manu

283 3728 425 3781 haec
452 3733 639 3797 capita
657 3731 890 3783 inducta
915 3730 1113 3792 fuisse;
1142 3732 1237 3781 alii
1259 3732 1613 3783 narrationes
1636 3730 1770 3782 vere
1789 3730 2018 3781 fictitias
2040 3735 2346 3781 commentl
2368 3733 2522 3781 sunt.

285 3800 492 3866 Opinio
520 3817 652 3853 vero
678 3804 916 3853 similior
942 3802 1108 3854 nobis
1137 3804 1375 3868 videtur,
1402 3818 1547 3868 quae
1569 3804 1773 3853 asserit
1794 3799 1994 3853 Paleas
2020 3803 2368 3867 adjectiones
2396 3815 2524 3851 esse

284 3874 577 3937 posteriori
609 3873 998 3935 manufactae,
1025 3879 1082 3925 et
1103 3873 1162 3923 in
1189 3876 1444 3940 margine
1479 3876 1722 3940 primum
1754 3873 2066 3939 descriptas
2096 3889 2222 3923 cum
2256 3873 2362 3923 hac
2390 3877 2526 3923 nota

284 3940 566 4006 Post-alia,
593 3945 918 3996 abbreviata
946 3944 1156 3996 deinde
1199 3945 1305 3996 hoc
1327 3948 1495 3997 modo
1523 3943 1586 3996 P.
1616 3944 1751 4008 alia,
1772 3960 1912 4009 quas
1964 3947 2334 4009 imposterum
2364 3943 2524 3995 libra-

285 4013 493 4067 riorum
515 4017 745 4081 quidam
771 4017 1101 4070 omiserunt.
1131 4018 1360 4081 quidam
1390 4022 1581 4069 autern
1609 4018 1797 4068 deleto
1818 4025 2030 4082 puncto
2054 4025 2110 4067 et
2132 4017 2346 4081 junctis
2388 4015 2524 4067 litte-

286 4084 364 4138 ris
389 4086 446 4138 in
471 4092 742 4139 contextu
773 4093 1107 4153 posuerunt,
1135 4088 1284 4139 unde
1312 4093 1498 4140 ortum
1548 4088 1754 4140 habuit
1774 4087 2010 4139 verbum
2040 4085 2206 4139 Pedia
2258 4103 2358 4153 per
2384 4103 2526 4139 erro-

287 4172 404 4210 rem
422 4158 932 4225 autignorantiam.
959 4158 1112 4210 Talis
1133 4162 1221 4211 est
1245 4156 1633 4213 Oorrectorum
1652 4158 2034 4213 Romanorum
2054 4161 2354 4219 sententia.
2382 4173 2528 4225 quae

289 4229 532 4295 quidem·
542 4230 889 4297 probabilior
914 4232 1170 4297 apparet.
