3332 5100
1171 352 1243 360 -
1291 318 1405 374 143
1451 352 1523 360 —-

248 482 386 526 rum
418 462 692 544 judicia
728 462 1179 544 probabilem
1215 462 1427 524 fidem
1465 461 1858 541 faciebant,
1900 479 2042 524 non
2080 480 2254 524 vero
2314 480 2462 524 cer-

246 578 378 636 tam
414 574 486 634 et
512 570 667 634 falli
702 570 1045 634 nesciam:
1077 570 1197 634 ubi
1233 574 1473 634 autem
1511 571 1948 634 auctoritate
1984 570 2252 634 Summi
2288 570 2468 634 Pon-

246 680 442 742 tificis
478 678 1119 758 confirmabantur,
1159 682 1309 740 tum
1343 682 1617 741 certam
1658 682 1732 740 et
1797 677 2260 741 infallibilem
2320 678 2470 740 vim

250 786 893 868 consequebantur3
925 786 1031 848 sic
1065 802 1351 848 errores
1371 784 1715 865 Helvidii,
1745 784 2046 864 Pelagii,
2082 784 2464 846 Priscillia-

246 894 406 956 niet
438 892 1185 974 Semipelagionorum
1215 894 1287 956 in
1317 890 1656 956 Conciliis
1692 891 2264 972 provincialibus
2292 892 2470 954 The-

244 1002 438 1081 lensi,
478 998 867 1078 Africanis,
905 1000 1259 1062 Toletano
1297 1004 1517 1080 atque
1546 998 1996 1062 Arausicano
2022 998 2090 1060 II
2120 998 2466 1078 damnati,

246 1114 616 1192 postquam
650 1110 967 1172 accessit
997 1108 1199 1172 Sedis
1241 1106 1710 1188 Apostolicae
1760 1106 2234 1188 confirmatiO,
2274 1106 2470 1168 habi-

244 1218 290 1280 ti
322 1220 486 1280 sunt
530 1218 760 1280 veluti
796 1216 1397 1280 anathematizati
1455 1234 1585 1296 per
1649 1213 2062 1278 eorumdem
2122 1211 2472 1276 Concilio-

244 1342 386 1386 rum
420 1326 935 1410 irreformabile
963 1324 1335 1406 judicium.
1371 1324 1657 1405 Verum,
1704 1340 1796 1385 ex
1833 1339 2026 1386 nova
2062 1320 2470 1402 disciplina,

246 1432 562 1495 omnibus
598 1432 995 1514 majoribus
1032 1432 1269 1494 causis
1303 1430 1609 1494 Summis
1641 1428 2108 1492 Pontificibus
2144 1446 2472 1492 reserva—

246 1540 350 1620 tis,
382 1558 576 1604 nunc
604 1540 1007 1602 nationalia
1039 1546 1111 1602 et
1143 1538 1625 1620 provincialia
1656 1535 2138 1601 Concilianon
2168 1536 2474 1616 amplius

244 1644 310 1706 in
342 1644 877 1726 pertractandis
907 1644 1073 1706 fidei
1109 1650 1181 1706 et
1215 1662 1515 1724 morum,
1549 1644 1856 1724 aliisque
1888 1642 2282 1722 majoribus
2312 1660 2474 1706 cau-

244 1754 332 1816 sis
358 1756 772 1830 versantur,
812 1752 939 1814 sed
975 1750 1467 1814 tantummodo
1505 1752 1575 1814 in
1608 1749 1694 1814 iis
1729 1751 2066 1830 negotiiS,
2136 1768 2320 1832 quae
2386 1752 2478 1814 ad

244 1866 510 1924 rectam
546 1860 863 1922 nationis
897 1860 1017 1924 vel
1053 1860 1479 1940 provinciae
1525 1857 2224 1922 administrationem
2276 1876 2476 1942 spec-

244 1970 414 2030 tant.

408 2074 646 2156 Leges
706 2074 826 2138 vel
889 2090 1205 2136 canones
1265 2074 1761 2158 disciplinans
1816 2093 1860 2138 a
1915 2074 2480 2156 particularibus

246 2182 578 2248 Conciliis
640 2184 909 2246 conditi
953 2204 1089 2266 per
1121 2204 1189 2248 se
1239 2188 1517 2246 tantum
1575 2182 1964 2266 nationem,
2028 2182 2482 2264 provinciam

246 2292 354 2354 vel
382 2292 776 2354 dioecesim
802 2290 1227 2370 respiciunt,
1261 2298 1475 2372 prout
1503 2290 1829 2356 Concilia
1857 2290 2286 2372 nationalia,
2320 2308 2480 2370 pro-

246 2398 612 2480 vincialia,
670 2398 791 2462 vel
828 2398 1267 2460 dioecesana
1315 2400 1609 2482 fuerint,
1662 2399 2014 2482 siquidem
2068 2398 2482 2460 eorumdem

246 2508 760 2591 Episcoporum
798 2508 1125 2587 potestas
1175 2508 1513 2587 nationis,
1559 2507 2008 2589 provinciae,
2042 2512 2166 2569 aut
2200 2506 2470 2569 dioece-

246 2617 332 2679 sis
386 2615 658 2679 finibus
702 2615 1141 2695 continetur3
1171 2637 1305 2700 per
1339 2619 1655 2681 accidens
1709 2632 1886 2680 vero
1937 2615 2326 2697 aliquando
2366 2615 2482 2677 de—

244 2729 438 2787 creta
472 2723 961 2787 Conciliorum
999 2725 1549 2803 particularium
1587 2724 1929 2803 majorem
1982 2723 2482 2785 extensionem

246 2837 310 2893 et
356 2831 752 2913 specialem
812 2832 1419 2893 existimationem
1493 2832 1816 2894 obtinere
1881 2839 2220 2912 possunt3
2294 2833 2484 2913 quod

244 2939 508 3001 rectius
542 2939 994 3019 intelligetur
1023 2939 1167 3001 tria
1213 2937 1744 3019 distinguendo,
1778 2956 1964 3021 quae
1992 2938 2064 3001 in
2100 2939 2482 3001 nationali-

244 3045 366 3125 bus
402 3053 478 3127 et
514 3027 1087 3127 provincialibus
1143 3047 1449 3127 Synodis
1487 3046 1806 3127 spectari
1842 3051 2152 3128 oportet,
2195 3063 2480 3127 nempe,

238 3155 881 3237 promulyatz'onem,
931 3155 1381 3235 peculiarem
1447 3154 2026 3241 confirmationem
2086 3159 2302 3235 atque
2348 3155 2486 3217 vim

246 3263 622 3345 yeneralem
660 3261 989 3343 cogendi.

414 3369 588 3431 Post
620 3367 990 3431 laudatam
1033 3367 1629 3433 Constitutionem
1651 3367 1835 3432 Sixti
1870 3368 1958 3449 V,
1994 3367 2322 3433 Concilia
2358 3387 2480 3431 na-

250 3475 544 3539 tionali-a
580 3479 652 3539 et
678 3477 1165 3557 provincialia
1199 3477 1273 3539 in
1323 3477 1615 3539 natione
1652 3477 1775 3540 vel
1817 3477 2198 3558 provincia
2256 3477 2482 3539 nulla-

252 3585 452 3647 tenus
490 3583 941 3665 promulgari
997 3583 1251 3647 valent
1287 3585 1559 3665 absque
1617 3584 2146 3665 approbatione
2200 3583 2264 3647 S=
2304 3581 2484 3647 Con-

252 3691 688 3771 gregationis
726 3689 1029 3753 Concilii
1066 3693 1139 3755 in
1169 3691 1401 3775 forma
1439 3692 1801 3771 communi,
1836 3708 2022 3772 quae
2076 3691 2252 3753 nihil
2288 3691 2486 3755 aliud

254 3803 358 3859 est
390 3815 604 3879 quam
640 3797 1001 3879 quaedam
1057 3799 1327 3861 revisio
1363 3815 1491 3861 seu
1527 3798 1954 3879 recognitiO,
1992 3817 2132 3879 qua
2170 3797 2482 3879 Congre—

254 3903 442 3981 gatio
500 3905 798 3985 corrigit
838 3905 913 3967 in
951 3905 1263 3969 decretis
1299 3923 1387 3967 ea
1425 3923 1611 3987 quae
1644 3903 1856 3966 nimis
1890 3905 2126 3985 rigida
2186 3909 2310 3967 aut
2338 3907 2486 3987 Juri

256 4009 478 4073 minus
514 4015 1005 4075 consentanea
1037 4017 1227 4093 sunt,
1267 4011 1439 4093 quin
1477 4011 1626 4075 ulla
1660 4011 1776 4076 vis
1811 4010 1914 4075 eis
1937 4011 2272 4075 addatur.

422 4116 666 4179 Potest
702 4117 879 4180 item
907 4117 1229 4199 evenire,
1271 4119 1461 4199 quod
1497 4122 1757 4199 rogatu
1816 4116 2482 4201 Metropolitanum,

260 4217 572 4287 Concilia
606 4225 1085 4305 particularia
1137 4243 1281 4289 non
1343 4231 1620 4291 tantum
1670 4224 2168 4309 emendentur,
2229 4245 2484 4291 verum

300 5067 462 5091 aun-‚us
486 5083 506 5086 ,,
