3332 5100
797 37 809 43 ..
852 2 853 7 1
953 2 1032 25 ἱωγ

33 0 843 205 μιν·

1189 390 1264 401 -
1310 355 1428 416 303
1471 389 1546 402 -

61 483 89 526 ³
251 502 647 586 marginem
683 499 982 566 Decreti
1019 498 1372 584 Gratiani,
1428 499 1926 566 Decretalium
1984 498 2319 585 Gregorii
2350 500 2480 582 IX,

57 655 63 658 -
251 610 446 676 Sexti
478 614 552 674 et
585 607 1199 676 Clementinarum
1235 610 1666 692 collocatae,
1707 609 1965 693 quibus
2001 612 2153 674 tum
2201 612 2488 674 senten-

251 719 417 799 tiae,
458 721 608 782 tum
642 717 872 782 verba
907 716 1354 800 singulorum
1381 718 1700 800 capitum
1736 721 2219 799 exponuntur.
2284 717 2486 799 Ejus-

252 826 440 891 modi
474 826 968 908 expositiones
996 843 1041 890 a
1064 826 1375 908 privatis
1409 825 1889 907 scriptoribus
1925 832 2301 908 exaratae,
2354 843 2490 888 nec

255 952 568 1017 unquam
599 951 731 1017 pro
757 933 922 1016 lege
981 933 1459 1016 approbatae,
1520 937 1893 1015 tamquam
1953 932 2364 1014 peculiares
2420 936 2492 996 et

252 1041 706 1122 subjectivae
777 1042 1260 1123 interpretum
1351 1038 1908 1123 explanationes
1995 1040 2492 1104 aestimandae

253 1151 441 1214 sunt.

33 1273 48 1351 3
429 1237 586 1321 277.
680 1254 1093 1322 Additiones
1112 1257 1624 1338 nuncupantur
1650 1257 2009 1339 quaedam
2036 1255 2492 1321 accessiones

33 1358 52 1466 ξ
255 1364 328 1429 in
356 1362 671 1429 Decreto
731 1362 1066 1428 Gratiani
1102 1367 1174 1427 et
1208 1361 1719 1428 Decretalibus
1776 1362 2248 1446 Gregorianis
2312 1364 2494 1447 posi-

33 1530 40 1547 „
255 1476 375 1536 tae
413 1476 486 1536 et
520 1472 884 1536 distinctis
944 1473 1440 1537 caracteribus
1498 1476 1822 1554 notatae;
1891 1472 2297 1538 additiones
2360 1472 2498 1536 De-

33 1586 55 1710 ,
256 1584 456 1645 creto
508 1579 744 1644 studio
804 1577 1314 1643 Oorrectorum
1380 1579 1864 1643 Romanorum
1913 1596 1998 1643 eo
2061 1579 2204 1644 fine
2256 1581 2498 1644 factae

255 1691 447 1769 sunt,
479 1691 558 1750 ut
593 1685 895 1751 studiosi
928 1703 1021 1750 ex
1045 1686 1132 1750 iis
1167 1686 1448 1768 possint
1480 1687 1827 1768 colligere
1862 1704 2149 1752 sensum
2177 1687 2300 1753 vel
2336 1705 2496 1750 auc·

256 1795 630 1860 toritatem
668 1797 1295 1858 monumentorum
1331 1812 1521 1876 quae
1555 1794 1630 1857 in
1665 1794 2181 1877 compilatione
2219 1792 2500 1858 Gratia-

257 1921 399 1967 nea
471 1901 1206 1984 comprehenduntur:
1278 1901 1689 1965 additiones
1766 1919 1943 1966 vero
1993 1900 2500 1966 Decretalibus

261 2008 600 2090 Gregorii
630 2008 735 2072 IX
748 2010 993 2074 factae
1019 2008 1418 2090 praecipue
1440 2013 1607 2072 sunt
1635 2007 2162 2072 adscribendae
2188 2008 2502 2072 Antonio

261 2114 519 2182 Contio
559 2114 771 2181 Gallo
806 2123 879 2180 et
914 2115 1308 2179 Francisco
1343 2115 1541 2178 Pefia
1577 2115 1925 2197 Hispane,
1979 2115 2102 2198 qui
2152 2133 2242 2179 ex
2308 2122 2504 2179 ante-

260 2223 575 2287 rioribus
634 2222 1130 2286 Decretalium
1188 2222 1741 2287 collectionibus
1804 2227 2153 2287 curarunt
2214 2222 2504 2286 haurire

259 2332 552 2412 integra
585 2331 945 2413 rescripta
984 2349 1173 2413 quae
1210 2334 1490 2395 tantum
1539 2331 1875 2394 mutilata
1928 2330 2398 2395 inveniuntur
2434 2330 2502 2392 in

262 2438 800 2521 Decretalibus,
861 2444 937 2503 ut
973 2439 1078 2503 ita
1134 2439 1390 2503 melius
1454 2439 1837 2521 introspici
1899 2439 2129 2521 possit
2186 2438 2508 2520 capitum

263 2553 724 2614 contextura.
763 2546 966 2611 Haec
1002 2546 1410 2611 additiones
1479 2546 1695 2610 utiles
1758 2545 2050 2628 quidem
2078 2543 2170 2609 ad
2231 2548 2508 2609 rectam

263 2661 337 2722 et
397 2657 790 2738 genuinam
850 2673 1207 2720 canonum
1259 2654 1822 2736 intelligentiam
1890 2652 2506 2735 consequendam,

264 2764 471 2829 nulla
503 2751 728 2845 legali
767 2763 1207 2827 auctoritate
1241 2763 1600 2827 fruuntur.

449 2870 603 2935 278.
699 2870 925 2935 Notae
961 2869 1244 2933 demum
1281 2877 1639 2934 vocantur
1682 2869 1947 2934 breves
2006 2867 2512 2931 adnotationes

262 2978 726 3061 privatorum
763 2995 988 3059 opera
1023 2977 1115 3040 ad
1150 2977 1426 3041 calcem
1456 2977 2019 3058 uniuscujusque
2053 2975 2368 3057 paginae
2394 2975 2512 3037 ad-

258 3084 510 3165 jectae
545 3100 634 3147 ea
688 3086 955 3164 mente,
988 3089 1064 3145 ut
1119 3088 1639 3147 recenseantur
1701 3082 2077 3146 variantes
2134 3081 2510 3161 lectiones„

266 3192 394 3258 vel
430 3192 893 3255 remittantur
937 3190 1250 3254 lectores
1306 3190 1399 3254 ad
1455 3190 1617 3254 loca
1687 3189 2075 3271 parallela,
2139 3187 2261 3252 vel
2321 3187 2516 3251 aliud

270 3300 687 3382 denotetur,
727 3316 866 3381 quo
895 3298 1163 3380 singuli
1189 3315 1508 3362 canones
1543 3297 1898 3362 illustrari
1946 3299 2020 3360 et
2049 3296 2519 3379 interpretari

271 3412 571 3492 queant

455 3514 609 3580 279.
709 3513 962 3595 Quoad
999 3512 1284 3577 modum
1323 3510 1601 3594 Corpus
1635 3511 1679 3576 J
1685 3511 1832 3575 uris
1853 3507 2199 3581 Canonici
2220 3509 2514 3585 citandi,

269 3623 840 3689 frecuentiorem
876 3623 951 3686 et
985 3620 1462 3686 communiter
1517 3623 1895 3701 receptam
1951 3617 2236 3701 praxim
2304 3616 2518 3697 signi-

270 3730 677 3796 ficabimuS.

459 3835 792 3900 Canones
828 3834 1110 3917 primae
1145 3834 1377 3916 partis
1423 3834 1722 3898 Decreti
1759 3833 2175 3914 allegantur
2231 3846 2522 3911 expres-

276 3944 379 4008 sis
416 3944 724 4026 primum
758 3943 882 4008 vel
917 3960 1216 4006 numero
1276 3940 1600 4023 canoniS,
1668 3942 1791 4006 vel
1845 3939 2204 4005 vocabulo
2262 3936 2526 4000 initiali

277 4050 608 4133 eJusdem
642 4050 969 4131 canoniS,
1008 4050 1129 4115 vel
1171 4054 1502 4132 utroque,
1566 4047 1825 4112 deinde
1883 4045 2369 4125 distinctione,
2436 4063 2528 4107 ex

278 4177 431 4242 qua
462 4159 860 4223 desumitur
895 4175 1156 4239 can0n3
1197 4175 1312 4221 ex.
1365 4175 1474 4239 gr.
1515 4177 1668 4221 can.
1730 4158 1793 4237 5,
1848 4156 2006 4219 dist.
2050 4156 2155 4235 61,
2193 4152 2315 4217 vel
2370 4175 2522 4217 can.
2610 4205 2612 4207 .

277 4279 664 4345 MIRAMUR,
704 4266 862 4331 dist.
897 4266 1006 4349 61,
1038 4265 1159 4331 vel
1195 4284 1344 4330 can.
1380 4277 1737 4329 MIRAMUR
1770 4261 1836 4345 5,
1897 4263 2058 4328 dist.
2118 4259 2227 4325 61.
2282 4259 2367 4325 In
2423 4277 2524 4323 se-
