3332 5100
1693 382 2009 446 ...56-

722 531 799 600 ni
830 531 1051 600 edItio
1084 531 1193 597 Pii
1222 529 1287 596 V
1316 529 1529 597 Bulla
1580 529 1984 596 universali
2043 529 2421 595 Ecclesiae
2471 528 2968 613 praescripta,

724 625 1145 706 Tridentino
1180 638 1474 703 decreto
1512 638 1799 702 sancita
1833 642 1906 702 et
1939 637 2314 720 pontificia
2341 638 2780 728 auctoritate
2815 635 2977 702 Cle-

724 746 985 814 mentis
1017 745 1191 812 VIII
1222 755 1296 810 et
1327 745 1606 812 Urbani
1642 745 1814 810 VIII
1853 745 2304 810 confirmata.
2374 744 2680 809 Demum
2705 745 2974 811 nostris

723 855 881 920 fere
929 851 1183 918 diebus
1220 850 1621 918 Concilium
1656 851 2120 934 Vaticanum,
2187 869 2348 916 cum
2383 851 2620 916 adhuc
2675 851 2748 936 in
2802 852 2972 917 Bre-

724 961 959 1028 viario
993 959 1351 1043 quaedam
1386 964 1853 1024 monumenta
1877 957 2226 1022 historica
2253 960 2762 1024 contineantur
2793 979 2837 1023 a
2863 978 2972 1024 sa-

721 1085 818 1132 na
850 1067 1107 1132 critica
1163 1064 1552 1148 repudiata
1613 1068 1867 1147 utpote
1907 1083 1952 1128 a
2017 1065 2332 1130 veritate
2367 1067 2633 1150 aliena,
2693 1073 2972 1148 postre-

720 1192 915 1240 mam
947 1172 1475 1238 correctionem
1541 1171 2053 1256 meditabatur,
2119 1174 2214 1238 ad
2277 1175 2583 1238 meliora
2639 1181 2976 1258 tempora

722 1281 1194 1364 prorogatam
1222 1282 1523 1361 propter
1550 1279 2029 1344 sectariorum
2057 1281 2512 1346 invasionem
2540 1286 2613 1346 et
2637 1300 2974 1347 necessa·

720 1386 908 1450 riam
941 1384 1340 1450 sessionum
1374 1385 1946 1467 suspensionem.

900 1491 1011 1556 51.
1106 1491 1218 1556 Ad
1240 1495 1523 1574 partem
1544 1491 2178 1576 caeremonialem,
2205 1493 2342 1558 hoc
2365 1498 2498 1576 est,
2535 1496 2972 1563 elementum

721 1599 1179 1664 accidentale
1207 1600 1637 1682 disciplinae
1664 1601 1999 1664 internae
2025 1603 2222 1665 recte
2248 1603 2666 1667 mutandum
2695 1605 2840 1668 tria
2862 1623 2972 1670 re-

724 1707 1129 1791 quiruntur:
1170 1705 1621 1772 1.⁰Potestas
1648 1708 2173 1792 ecclesiastica,
2213 1709 2328 1773 cui
2363 1711 2730 1792 quaelibet
2765 1730 2972 1793 prae-

722 1813 1021 1897 scriptio
1048 1814 1171 1879 vel
1197 1815 1571 1879 innovatio
1604 1814 1948 1896 liturgica
1983 1814 2254 1897 triplici
2287 1815 2376 1880 de
2405 1833 2628 1880 causa
2683 1817 2972 1899 subjici-

720 1925 863 2002 tur;
902 1921 1235 2004 primum,
1274 1921 1444 2004 quia
1501 1921 1588 1986 de
1648 1921 2068 1986 ordinandis
2123 1923 2500 2004 religionis
2559 1925 2847 1989 actibus
2903 1931 2976 1992 et

723 2029 920 2094 cultu
958 2028 1205 2094 divino
1243 2029 1648 2093 definiendo
1685 2029 1950 2112 agitur,
1991 2034 2062 2092 et
2099 2030 2357 2111 quovis
2395 2035 2721 2112 tempore
2752 2035 2974 2116 atque

723 2136 916 2220 apud
938 2154 1185 2200 omnes
1205 2137 1511 2219 populos
1538 2138 1658 2219 jus
1693 2137 2039 2218 religiosa
2083 2137 2326 2200 officia
2373 2139 2878 2220 praecipiendi
2903 2146 2974 2205 et

721 2246 903 2310 ritus
937 2245 1488 2327 determinandi,
1532 2246 1788 2327 quibus
1818 2244 2144 2309 homines
2181 2247 2409 2316 Deum
2446 2249 2688 2313 colere
2723 2256 2974 2313 tenen·

722 2358 864 2434 tur,
898 2353 973 2416 in
1005 2351 1505 2417 sacerdotibus
1538 2370 1827 2434 semper
1863 2357 1935 2416 et
1975 2353 2422 2418 solummodo
2471 2355 2798 2436 agnitum
2835 2363 2969 2439 est;

723 2459 1008 2542 deinde,
1046 2459 1217 2542 quia
1249 2459 1501 2541 praxis
1536 2460 1880 2542 liturgiae
1917 2462 1990 2524 et
2035 2462 2438 2526 exteriores
2483 2464 2974 2528 caerimoniae

721 2568 796 2633 in
827 2567 1317 2632 functionibus
1354 2568 1585 2631 sacris
1610 2561 2050 2649 peragendis
2089 2575 2482 2651 usurpatae
2506 2572 2974 2635 sanctitatem

721 2676 910 2739 inter
934 2675 1186 2740 fideles
1220 2676 1493 2740 utiliter
1518 2680 1591 2740 et
1616 2675 1874 2740 fovent
1897 2680 1969 2737 et
1997 2678 2288 2758 augent3
2320 2694 2512 2740 nunc
2537 2695 2740 2760 vere,
2774 2678 2972 2759 quid-

723 2780 896 2863 quid
928 2781 1021 2844 ad
1056 2782 1459 2846 animarum
1492 2781 2146 2846 sanctificationem
2179 2784 2487 2865 confert,
2535 2789 2788 2866 utpote
2834 2787 2974 2870 spi·

719 2886 996 2967 rituale,
1028 2892 1101 2949 et
1126 2886 1220 2951 ad
1242 2887 1457 2951 finem
1481 2888 1933 2969 spiritualem
1962 2887 2371 2953 ordinatum
2391 2890 2740 2972 potestati
2763 2892 2968 2973 spiri-

721 2994 901 3057 tuali
936 2993 1231 3057 subesse
1267 2993 1505 3077 debet,
1546 2996 1872 3077 alioquin
1907 2994 2250 3059 deficeret
2289 2996 2534 3061 debita
2593 3000 2971 3080 proportio

722 3099 915 3163 inter
949 3100 1163 3164 finem
1222 3106 1297 3165 et
1350 3102 1611 3184 media,
1648 3121 1838 3185 quae
1895 3104 2169 3169 diversi
2217 3105 2488 3169 ordinis
2539 3106 2969 3191 evaderent,

721 3211 940 3289 atque
973 3208 1161 3271 inter
1190 3208 1553 3289 objectum
1588 3219 1660 3274 et
1689 3199 2096 3292 subjectum
2131 3215 2540 3296 potestatiS‚
2589 3232 2776 3296 quae
2804 3234 2972 3281 suos

722 3313 989 3377 limites
1016 3316 1676 3397 transgrederetur:
1710 3321 1948 3401 tertie,
1983 3322 2150 3403 quia
2173 3322 2388 3403 juxta
2413 3340 2628 3386 sacra
2651 3324 2968 3407 eloquia,

722 3421 1019 3487 Patrum
1052 3424 1455 3503 sententias
1490 3431 1563 3489 et
1599 3424 2086 3493 Conciliorum
2119 3429 2441 3513 decreta,
2478 3449 2782 3513 quorum
2835 3440 2972 3497 tes-

723 3530 1023 3600 timonia
1055 3531 1387 3615 proferre
1420 3534 1631 3598 nimis
1695 3534 1992 3617 longum
2047 3543 2263 3622 esset,
2305 3537 2680 3603 Ecclesiae
2721 3539 2972 3605 Pasto-

622 3618 629 3625 ’
721 3638 945 3722 ribuS,
970 3639 1429 3723 maximeque
1454 3646 1832 3724 pastorum
1859 3644 2203 3728 Principi,
2233 3664 2380 3710 non
2409 3652 2648 3711 autem
2678 3648 2974 3729 regibus

722 3746 846 3813 vel
878 3747 1376 3813 saecularibus
1412 3750 1982 3835 magistratibus,
2018 3753 2367 3818 incumbit
2384 3756 2502 3835 jns
2537 3772 2626 3819 ac
2653 3755 2974 3821 officium

714 3855 1115 3939 judicandi,
1173 3857 1476 3938 jubendi
1509 3864 1583 3923 et
1616 3863 1883 3923 cuncta
1917 3862 2367 3945 praestandi,
2409 3880 2599 3945 quae
2659 3862 2753 3927 ad
2787 3864 2974 3946 regi-

724 3980 891 4027 men
950 3960 1378 4047 animarum,
1412 3971 1795 4031 externam
1827 3948 2203 4033 Ecclesiae
2245 3969 2575 4052 politiam
2608 3977 2680 4037 et
2699 3972 2975 4054 publici

725 4068 960 4135 cultus
988 4072 1609 4155 organizationem
1640 4080 2004 4159 spectant.

902 4180 1007 4245 2.⁰
1110 4183 1526 4266 Requiritur
1592 4186 1814 4251 etiam
1877 4186 2333 4253 uniformitas
2401 4187 2476 4252 in
2535 4207 2971 4274 unaquaque

724 4290 1079 4376 Ecclesia,
1136 4291 1447 4359 Natione
1505 4299 1631 4359 aut
1687 4296 2188 4361 ecclesiastica
2244 4294 2819 4425 Provincia3332uti
2854 4300 2969 4365 de-
