3332 5100
1618 362 1986 427 -166-

681 527 788 596 re,
842 513 966 579 vel
1000 513 1471 598 personaliter
1520 530 1650 578 seu
1704 514 1831 579 via
1887 514 2383 597 conniventiae,
2434 514 2556 581 vel
2611 512 2924 600 leqaliter

678 639 807 687 seu
842 621 965 687 via
987 622 1595 705 praescriptionis.

856 726 1229 794 Consentit
1263 729 1754 813 personaliter,
1790 727 2081 812 quando
2133 730 2727 795 consuetudinem
2761 731 2920 813 ipse

678 836 1075 919 cognoscit,
1132 854 1437 919 eamque
1490 838 1853 919 approbat
1909 844 2229 923 expresse
2301 839 2424 902 vel
2497 841 2731 921 tacite‚·
2795 860 2910 905 ea·-

663 950 927 1030 presse,
964 960 1127 1007 cum
1188 943 1346 1025 ipse
1410 943 1792 1025 legislator
1855 943 2222 1026 explicitis
2279 944 2526 1009 verbis
2583 945 2913 1009 declarat

676 1048 1269 1115 consuetudinem
1294 1049 1581 1115 servari
1614 1066 1855 1132 posse;
1895 1050 2123 1132 tacite,
2153 1049 2216 1113 si
2247 1068 2394 1115 non
2429 1052 2911 1134 contradicat,

677 1175 840 1222 oum
871 1157 1089 1221 facile
1123 1156 1529 1221 reclamare
1565 1160 1835 1239 posset,
1880 1157 2096 1238 Juxta
2157 1157 2488 1240 regulam
2543 1160 2756 1241 juris:
2797 1160 2912 1244 qui

678 1270 872 1345 tacet,
908 1264 1289 1329 consentire
1314 1263 1607 1327 videtur.

856 1369 1231 1436 Consentit
1262 1370 1600 1455 leqaliter,
1657 1369 1946 1453 quando
2008 1387 2144 1452 per
2206 1369 2446 1451 legem
2501 1374 2926 1453 generalem

675 1477 1235 1543 consuetudines
1284 1477 1734 1542 rationabiles
1785 1482 1856 1540 et
1901 1477 2199 1562 Zeyitime
2242 1479 2728 1562 praescriptas
2799 1497 2924 1561 ag-

674 1584 933 1666 noscit,
971 1601 1246 1665 suaque
1280 1585 1719 1648 auctoritate
1775 1588 1848 1647 et
1880 1600 2221 1665 suprema
2247 1584 2626 1647 sanctione
2663 1602 2926 1667 appro-

675 1694 824 1781 bat.
866 1692 1234 1774 Ejusmodi
1263 1692 1512 1777 leqalis
1550 1708 1948 1757 consensus
1985 1691 2440 1757 denominari
2466 1694 2687 1758 etiam
2743 1694 2934 1759 solet

673 1802 1016 1887 qeneralis
1050 1805 1123 1864 et
1143 1807 1659 1884 praesumptus.

854 1907 1004 1972 143.
1102 1905 1559 1971 Consuetudo
1601 1905 1788 1988 juris
1834 1908 1912 1973 vi
1971 1907 2272 1989 propria
2325 1910 2399 1971 et
2425 1907 2744 1988 jnridiea
2771 1908 2926 1973 effl-

675 2016 870 2079 catia
893 2014 1189 2097 potitur,
1226 2014 1477 2078 habita
1511 2015 1796 2078 ratione
1829 2014 2093 2096 legum,
2137 2014 2395 2096 quibus
2458 2015 2582 2081 vel
2641 2016 2927 2081 confor-

674 2121 885 2203 mari,
943 2122 1068 2186 vel
1100 2120 1507 2203 adversari,
1543 2122 1664 2186 vel
1727 2122 2120 2204 superaddi
2181 2125 2424 2204 potest
2459 2122 2674 2204 juxta
2709 2124 2922 2189 toties

672 2227 1061 2310 repetitam
1094 2227 1416 2308 eJusdem
1452 2228 1907 2295 divisionem.
1976 2226 2300 2309 Quatuor
2359 2236 2628 2298 autem,
2671 2247 2922 2295 recen·

675 2340 925 2400 sentur
952 2336 1492 2399 consuetudinis
1529 2336 1863 2418 effectuS‚
1893 2336 2262 2403 videlicet:
2334 2336 2518 2418 legis
2566 2336 2924 2419 interpre-

674 2445 880 2525 tatio,
934 2444 1542 2526 supplementum,
1618 2444 2001 2525 abrogatio
2065 2449 2284 2526 atque
2342 2444 2745 2527 derogatio.
2820 2444 2927 2509 1.⁰

671 2552 944 2634 Legem
974 2553 1496 2637 interpretatur,
1536 2552 2000 2633 exploratum
2048 2540 2362 2634 namque
2421 2553 2615 2635 apud
2673 2570 2926 2618 omnes

673 2667 783 2725 est
817 2660 975 2724 dari
1009 2660 1397 2743 quamdam
1423 2659 1607 2742 legis
1662 2661 2370 2743 interpretationem,
2429 2678 2616 2742 quae
2652 2663 2926 2738 usualis

672 2768 961 2850 dicitur3
998 2769 1165 2832 hinc
1198 2768 1780 2850 vulgatissimum
1835 2769 2150 2832 axioma:
2202 2769 2614 2834 consuetudo
2647 2771 2918 2853 optima

672 2877 893 2961 layum
926 2877 1290 2959 interpres.
1325 2873 1428 2939 2.⁰
1483 2875 1754 2956 Legem
1789 2874 2050 2938 deinde
2084 2877 2421 2960 supplosi,
2474 2876 2922 2940 consuetudo

674 2983 864 3047 enim
899 2990 1187 3067 praeter
1224 2985 1354 3068 jus
1420 2983 1680 3046 debitis
1747 2983 2024 3046 munita
2087 2983 2482 3066 requisitiS,
2545 2987 2926 3067 tamquam

672 3109 854 3158 vera
892 3091 1014 3155 lex
1038 3091 1373 3173 habetur,
1412 3109 1498 3156 ac
1525 3090 1832 3174 proinde
1867 3109 1998 3174 pro
2031 3092 2195 3173 lege
2233 3092 2504 3174 suscipi
2536 3092 2762 3174 valet,
2794 3092 2924 3156 ubi

675 3200 917 3265 deficit
941 3201 1086 3264 lex.
1125 3200 1231 3264 3.0
1283 3199 1556 3282 Legem
1612 3203 1922 3285 abroyat,
1993 3200 2188 3283 quia,
2256 3217 2420 3264 cum
2471 3201 2920 3266 consuetudo

664 3307 849 3389 juris
875 3307 968 3372 sit
999 3307 1121 3372 lex
1154 3309 1450 3390 proprie
1507 3307 1727 3391 dicta,
1760 3312 1833 3372 et
1863 3308 2094 3372 omnis
2132 3308 2254 3373 lex
2288 3309 2651 3391 posterior
2715 3313 2920 3373 ante-

672 3418 947 3481 riorem
980 3416 1343 3498 abrogare
1398 3417 1650 3498 possit,
1694 3417 1887 3481 idem
1918 3417 2141 3481 etiam
2199 3417 2480 3482 efectus
2537 3421 2922 3484 consuetu-

671 3525 822 3590 dini
858 3521 1379 3588 adscribendus
1412 3527 1545 3587 est.
1580 3522 1689 3586 4.0
1721 3522 1900 3604 Legi
1937 3521 2223 3586 demum
2283 3523 2586 3608 cleroque,
2649 3523 2921 3606 quippe

670 3636 732 3700 si
763 3637 991 3698 totam
1022 3633 1261 3715 legem
1295 3632 1552 3695 tollere
1614 3631 1890 3712 valeat,
1957 3630 2182 3694 multo
2244 3631 2475 3712 magis
2541 3647 2634 3694 ex
2705 3635 2923 3711 parte

670 3744 967 3808 abolere
1002 3741 1293 3824 poterit,
1323 3739 1514 3823 quod
1550 3738 1748 3804 certe
1777 3738 2009 3802 minus
2037 3741 2148 3802 est
2172 3739 2382 3801 totali
2413 3738 2918 3820 abrogatione.

848 3847 1235 3929 Quaeritur
1284 3854 1529 3910 autem
1588 3863 1684 3908 an
1745 3845 1977 3926 possit
2043 3844 2489 3908 consuetudo
2559 3844 2924 3928 derogare

669 3958 954 4039 culpae,
991 3953 1493 4020 conservando
1521 3969 1857 4035 poenam:
1897 3952 2110 4034 hujus
2149 3951 2596 4035 quaestionis
2653 3953 2920 4018 solutio

666 4066 1112 4147 inpromptu
1147 4067 1281 4143 est;
1319 4061 1381 4125 si
1442 4077 1684 4143 poena
1738 4064 2041 4142 propter
2104 4059 2397 4141 eulpam
2453 4057 2727 4122 inflicta
2793 4060 2918 4144 sit,

666 4171 853 4237 utin
888 4169 1209 4234 censuris
1239 4169 1507 4250 evenit,
1558 4166 2005 4231 consuetudo·
2065 4157 2160 4232 vi‘
2207 4166 2496 4231 omnino
2554 4168 2761 4230 earet
2825 4167 2924 4233 ad

668 4277 1021 4361 ejusmodi
1068 4278 1459 4360 partialem
1523 4277 1871 4341 effectum
1927 4277 2500 4362 producendum3
2531 4278 2776 4357 potest
2812 4281 2918 4348 ta-
