3332 5100
1194 341 1551 406 -267-

428 486 582 556 236.
676 489 941 556 Nomen
975 493 1048 556 et
1079 488 1342 556 Auctor
1407 489 1875 556 Collectionis
1900 487 2488 576 Arabico-Hispa·

265 599 465 664 nicae.
501 597 644 663 Sub
681 598 1018 682 Philippo
1070 598 1178 663 III
1206 599 1506 664 inventa
1543 602 1654 663 est
1686 598 1729 662 a
1777 598 1991 662 Petro
2042 599 2129 662 de
2178 597 2371 662 Lara
2397 595 2493 680 (l)

265 723 446 770 nova
479 705 836 788 quaedam
889 712 962 769 et
1015 705 1390 787 originalis
1449 703 1824 787 CollectiO,
1887 705 2136 787 lingua
2193 704 2494 768 arabica

265 813 692 895 conscripta,
736 811 927 876 unde
962 812 1074 876 ab.
1091 812 1392 876 eruditis
1434 812 1811 894 appellata
1844 812 1979 875 fuit
2033 811 2339 876 Arabica
2372 811 2494 876 vel

261 916 1000 1004 Arabico-Hispanica:
1035 919 1389 1001 ejusmodi
1425 920 1657 983 codex
1693 920 1941 1002 magni
1975 920 2213 1001 pretii,
2254 919 2493 1000 singu-

260 1025 392 1089 lari
422 1025 927 1090 aestimatione
954 1025 1269 1107 habitus,
1299 1025 1374 1091 in
1408 1042 1535 1090 suo
1565 1042 1837 1108 genere
1859 1025 2113 1090 unicus
2133 1025 2207 1089 in
2231 1024 2493 1089 Biblio-

259 1128 470 1195 theca
500 1129 945 1196 Scuraliensi
989 1131 1352 1213 repositus
1385 1134 1521 1213 est,
1559 1130 1683 1194 ubi
1717 1130 2023 1213 speciali
2057 1147 2233 1194 cura
2264 1146 2494 1194 asser-

259 1237 596 1322 vabatur,
636 1255 798 1303 cum
836 1256 1028 1302 anno
1065 1237 1236 1302 1675
1268 1237 1787 1302 Monasterium
1833 1237 2296 1303 Scuraliense
2327 1237 2497 1319 igne

259 1342 565 1409 deletum
622 1350 754 1410 est.
823 1343 1091 1410 Omnes
1150 1346 1511 1428 putabant
1545 1343 2068 1410 collectionem
2106 1344 2497 1410 Arabicam

259 1467 412 1514 cum
448 1451 872 1532 ingentibus
919 1451 1434 1516 ‘voluminibus
1498 1453 2041 1534 innumerisque
2097 1452 2493 1535 codicibus,

265 1557 381 1638 qui
414 1557 610 1620 inter
640 1557 968 1621 flammas
1002 1559 1315 1640 periere,
1353 1564 1624 1621 sortem
1675 1575 2127 1622 communem
2161 1559 2493 1640 subiisse;

257 1671 583 1743 atamen,
623 1681 783 1727 cum
839 1664 1345 1728 Ferdinandus
1402 1665 1503 1729 VI·
1561 1665 1934 1730 volumina
1991 1667 2493 1746 scuraliensia,

258 1787 440 1852 quae
480 1771 557 1834 in
591 1788 857 1853 magno
885 1773 1222 1836 incendio
1261 1778 1562 1835 servata
1586 1778 1821 1855 erant,
1882 1773 2222 1839 ordinare
2254 1777 2327 1836 et
2360 1771 2498 1834 dis-

256 1877 574 1942 tribuere
611 1878 968 1959 jussisset‚
1009 1879 1323 1942 omnium
1359 1879 1840 1943 admiratione
1897 1880 2130 1944 codex
2160 1878 2498 1943 arabicus

257 1985 490 2049 denuo
525 1985 855 2048 detectus
889 1987 1028 2049 fuit
1061 2004 1105 2049 a
1162 1986 1719 2050 bibliothecario
1776 1986 2085 2051 Domino
2141 1985 2500 2050 Michaele

257 2090 515 2175 Casiri,
553 2093 990 2174 Presbytero
1046 2092 1624 2175 Siro-Maronita,
1682 2095 1798 2158 cui
1834 2112 1879 2158 a
1929 2094 2288 2158 catholieo
2326 2108 2499 2174 rege

256 2200 652 2280 injunctum
682 2229 686 2235 ·
719 2208 885 2264 erat
944 2218 1203 2265 munus
1266 2201 1679 2283 inquirendi
1705 2209 1787 2266 et
1835 2203 1909 2265 in
1966 2203 2241 2266 classes
2273 2201 2499 2265 libros

257 2308 762 2372 distribuendi.
794 2308 935 2372 Hic
967 2311 1262 2391 sapiens
1297 2311 1752 2374 orientalista
1786 2310 2211 2374 Versionem
2245 2307 2499 2374 Arabi-

257 2430 410 2478 cam
441 2414 680 2479 latine
717 2416 1116 2498 transtulit,
1154 2415 1283 2480 sed
1309 2421 1460 2479 tam
1507 2415 1764 2480 Versio
1800 2415 2305 2497 antiquissima
2340 2431 2498 2478 ara-

256 2521 417 2587 bica
445 2524 666 2605 quam
704 2521 1068 2588 traductio
1104 2524 1471 2588 casiriana
1501 2528 1884 2588 remanent
1917 2523 2216 2605 inedita,
2254 2539 2499 2605 quam-

257 2647 467 2712 quam
500 2631 804 2694 multum
831 2631 1382 2696 adlaboraverit
1411 2648 1544 2715 pro
1573 2633 1768 2714 typis
1795 2631 2093 2695 edendis
2121 2631 2499 2695 bibliothe-

257 2740 495 2802 carius
529 2738 881 2802 Dominus
909 2739 1165 2803 Petrus
1199 2739 1623 2805 Ludovicus
1657 2739 1955 2804 BlancO.

427 2846 820 2928 Ignoratur
855 2849 1189 2929 quisnam
1225 2848 1446 2912 fuerit
1477 2864 1699 2913 verus
1767 2855 2021 2911 auctor
2055 2846 2264 2927 huJus
2301 2863 2491 2911 com-

254 2952 624 3034 pilationis
683 2954 1042 3017 conflatae
1068 2968 1288 3035 atque
1316 2954 1726 3017 translatae
1752 2970 1844 3016 ex
1870 2954 2107 3017 veteri
2142 2951 2495 3034 Hispana;

254 3066 418 3125 sunt
485 3060 607 3143 qui
671 3064 1053 3123 autumant
1113 3062 1318 3123 illam
1378 3078 1421 3124 a
1478 3059 1863 3123 Vincentio
1918 3057 2383 3141 PresbyterO,
2426 3063 2501 3122 ut

257 3169 544 3233 cuidam
609 3168 953 3251 episcopo
1017 3168 1059 3234 J
1067 3168 1288 3233 oanni
1355 3167 1622 3232 Daniel
1686 3168 2038 3251 placeret,
2104 3184 2265 3231 esse
2331 3183 2497 3231 con·

253 3277 552 3341 sectam.

436 3382 664 3453 Causa
731 3388 803 3449 et
861 3383 1169 3469 Epocha.
1241 3381 1508 3450 Omnes
1573 3383 2035 3449 consentiunt
2105 3383 2399 3448 saeculo
2435 3384 2505 3449 X

255 3493 375 3558 vel
430 3493 563 3577 XI,
625 3511 787 3558 cum
849 3496 923 3558 in
978 3495 1418 3561 oblivionem
1479 3497 1899 3563 devenisset
1955 3497 2205 3579 lingua
2272 3496 2507 3559 latina

257 3608 510 3666 nostra
566 3600 945 3684 Hispania,
999 3619 1170 3666 ,esse
1224 3602 1635 3666 laboratam
1682 3601 1872 3665 hanc
1927 3602 2342 3673 versionem
2379 3599 2502 3663 du-

259 3710 433 3790 plici
469 3727 716 3794 scope,
746 3710 1028 3791 nempe,
1055 3711 1455 3792 praebendi
1489 3717 1560 3774 et
1586 3709 1947 3791 Agarenis
1980 3709 2355 3792 religionis
2387 3724 2505 3772 ca-

259 3821 577 3910 tholicae
609 3823 940 3887 notitiam
989 3831 1060 3887 et
1097 3824 1486 3891 Conversis
1551 3841 1644 3888 ex
1679 3821 2228 3886 Mahometismo
2286 3825 2503 3899 atque

405 4138 491 4207 (1)
563 4137 675 4191 Hic
700 4136 1152 4220 pretiosissimus
1198 4135 1381 4188 codex
1429 4151 1463 4188 a
1497 4134 1677 4187 nobili
1715 4132 1860 4187 duce
1887 4130 2136 4199 hispano
2155 4129 2301 4183 duas
2324 4144 2505 4183 naves

261 4210 545 4264 airicanas
573 4208 1076 4277 apprehendente
1064 4224 1124 4259 m
1165 4208 1511 4260 Mauritania
1551 4210 1811 4273 repertus
1835 4206 1941 4272 est,-
1965 4218 2078 4271 quo
2102 4202 2348 4257 forsitan
2389 4217 2507 4272 per·

262 4283 427 4339 venit
452 4286 775 4351 asportatus
807 4283 867 4335 in
884 4282 1074 4348 aliqua
1099 4280 1475 4345 emigratione
1500 4279 1770 4335 Arabum
