3332 5100
1349 349 1703 411 -219--

587 493 726 561 Sed
760 499 1152 579 antequam
1185 494 1273 560 de
1301 497 1847 561 collectionibus
1905 497 1977 559 in
2035 497 2279 579 specie
2336 495 2642 561 dissera-

403 623 589 685 mus,
626 607 842 686 prout
902 621 1054 667 mos
1120 609 1228 667 est
1293 605 1713 685 canonistis,
1781 603 2237 685 perpendere
2302 603 2644 667 debemus

407 711 914 777 collectionem
980 712 1427 795 apostolicam
1491 715 2007 793 nuncupatam,
2077 711 2247 793 quia
2310 711 2644 779 Constitu-

405 819 628 883 tione-s
654 823 724 881 et
766 815 1072 883 Canonee
1104 817 1591 900 Apostolorum
1625 817 2155 897 complectitur.

589 923 740 987 192.
838 921 1419 987 Vetustissimum
1447 923 1631 1003 juris
1689 923 2171 987 ecclesiastici
2233 941 2648 989 monumen-

407 1033 561 1093 tum
628 1029 818 1113 quod
876 1029 1082 1093 nobis
1146 1031 1417 1093 ocurrit
1479 1037 1881 1093 memoratu
1931 1029 2223 1111 dignum
2281 1029 2461 1093 illud
2512 1035 2644 1115 est,

409 1139 602 1221 quod
632 1139 762 1203 sub
798 1137 1088 1203 nomine
1150 1134 1721 1204 Constitutionum
1775 1133 2336 1221 Apostolicaram
2392 1155 2650 1203 usuve-

409 1249 539 1329 nit,
581 1263 758 1329 opus
796 1245 1084 1327 quidem
1118 1244 1669 1309 celeberrimum
1705 1243 1875 1309 VIII
1933 1245 2137 1309 libris
2205 1243 2646 1311 distinctum.

409 1353 634 1417 Primi
658 1371 790 1417 sex
822 1351 990 1415 libri
1024 1353 1323 1418 brevem
1359 1351 1733 1433 synopsim
1781 1349 2127 1415 exhibent
2178 1351 2380 1415 vitae
2430 1351 2650 1415 chris-

409 1461 658 1523 tianae
684 1459 834 1541 juri
886 1475 1014 1522 seu
1050 1458 1197 1539 legi
1251 1459 1799 1521 ecclesiasticae
1859 1461 2424 1539 consentaneae3
2490 1459 2652 1521 reli-

411 1567 537 1649 qui
569 1567 734 1647 duc,
776 1567 1124 1647 septimus
1190 1565 1535 1630 videlicet
1603 1571 1677 1627 et
1735 1571 2069 1647 octavus,
2135 1565 2386 1629 varias
2446 1581 2652 1647 prae-

411 1677 846 1759 scriptiones
894 1675 1271 1757 liturgicas
1309 1681 1379 1739 et
1409 1675 1727 1737 morales
1757 1675 2155 1737 continent.

596 1781 748 1847 193.
850 1783 1082 1866 Oriyo.
1124 1780 1278 1845 Etsi
1315 1783 1401 1845 de
1461 1781 1814 1861 ejusmodi
1873 1779 2480 1845 Constitutionum
2518 1783 2654 1847 ori-

411 1891 583 1971 gine
618 1897 690 1953 et
722 1889 1220 1953 vicissitudine
1253 1905 1371 1951 res
1405 1889 1661 1969 parum
1713 1901 2085 1967 comperta
2143 1889 2259 1969 sit,
2318 1889 2654 1969 probabi-

413 1997 553 2059 lii1s
585 1999 859 2061 sentire
892 1997 1230 2061 videntur
1259 1997 1379 2077 qui
1417 1997 1547 2057 has
1585 1993 2149 2057 Constitutiones
2204 1993 2312 2057 III
2370 2000 2496 2057 aut
2556 1996 2658 2061 IV

413 2105 710 2167 saeculo
780 2103 1122 2183 vulgatas
1188 2103 1411 2165 fuisse
1477 2103 1919 2179 existimant,
1987 2119 2071 2163 eo
2131 2101 2320 2183 quod
2382 2103 2656 2183 primus

413 2209 608 2271 inter
640 2209 896 2271 Patres
930 2207 1052 2289 qui
1086 2209 1172 2271 de
1207 2207 1543 2289 praefato
1593 2225 1813 2289 opere
1865 2209 2304 2271 mentionem
2352 2209 2654 2291 faciunt,

415 2319 553 2381 fuit
577 2317 646 2381 S.
686 2315 1136 2397 Epiphanius
1168 2318 1401 2379 citans
1437 2315 2095 2397 commendansque
2163 2317 2350 2380 hanc
2398 2319 2658 2381 collec-

417 2425 687 2487 tionem
722 2441 864 2485 non
902 2433 1273 2503 tamquam
1303 2439 1483 2503 opus
1525 2425 2049 2503 apostolorum,
2089 2421 2219 2485 sed
2251 2423 2482 2487 veluti
2516 2425 2658 2505 pri-

419 2550 718 2596 maevas
748 2532 930 2612 juris
968 2530 1301 2594 canonici
1339 2532 1827 2594 institutiones
1865 2540 2083 2610 atque
2145 2531 2364 2594 totius
2430 2534 2658 2596 eccle-

417 2640 762 2704 siasticae
798 2640 1229 2720 disciplinae
1297 2640 1825 2720 compendium,
1897 2638 2075 2700 nihil
2141 2640 2476 2720 equidem
2536 2640 2658 2702 ha-

417 2750 598 2812 bens
636 2750 850 2810 afide
908 2758 980 2810 et
1040 2747 1355 2810 moribus
1422 2758 1593 2808 tunc
1659 2746 2073 2826 vigentibus
2139 2748 2478 2809 alienum.
2552 2746 2662 2810 En

419 2858 652 2920 verba
686 2856 892 2934 hujus
930 2854 998 2917 S.
1050 2854 1391 2936 Episcopi
1457 2872 1643 2934 quae
1685 2854 1797 2916 IV*
1841 2854 2131 2916 saeculo
2193 2860 2506 2916 exeunte
2540 2854 2658 2916 fio·
2712 2866 2716 2868 ·

419 2964 587 3028 ruit:
634 2960 760 3036 Qut
796 2964 988 3044 liber,
1018 2964 1288 3026 tametsi
1319 2964 1573 3032 ,dubiae
1629 2962 1819 3046 apud
1875 2962 2121 3026 ”tultos
2163 2962 2328 3048 fidei
2382 2964 2492 3044 sit,
2528 2978 2664 3028 'non

421 3080 519 3136 est
553 3079 779 3134 tamen
810 3072 1327 3154 improbandae.
1353 3072 1539 3134 Nam
1563 3072 1637 3132 in
1663 3092 1761 3152 ee,
1801 3090 1971 3152 quae
2001 3070 2093 3134 ad
2135 3070 2488 3134 Ecclesiae
2524 3072 2662 3134 dis-

421 3180 754 3264 ciplinam
788 3182 1104 3260 attinent,
1156 3180 1385 3243 omnia
1443 3178 2127 3262 comprehendantur,
2193 3200 2403 3262 ‘neque
2470 3180 2662 3262 qaid-

423 3308 628 3372 ραι-ιω
684 3294 806 3350 aut
861 3288 936 3348 in
990 3288 1124 3372 fide
1160 3306 1241 3350 ao
1297 3286 1633 3350 catholica
1679 3288 2115 3370 professione
2181 3288 2662 3370 depravatum,

423 3404 545 3460 aut
575 3394 928 3458 Ecclesiae
964 3394 1559 3458 administrationi
1611 3414 1691 3456 ac
1727 3394 2017 3458 decretis
2053 3396 2478 3458 contrariam
2514 3414 2666 3458 con·

425 3508 593 3570 tinet
626 3506 742 3588 (1).
782 3504 890 3566 Ex
922 3504 1060 3566 hoc
1118 3502 1507 3583 Epiphanii
1563 3502 1723 3562 loco
1781 3500 1893 3562 fas
1965 3510 2075 3564 est
2127 3502 2498 3582 colligere:
2564 3502 2666 3562 1.⁰

427 3616 750 3698 ejusdem
786 3620 1030 3678 aetate
1058 3616 1319 3678 librum
1353 3614 1669 3694 aliquem
1719 3612 2009 3674 nomine
2061 3610 2670 3674 Constitutionum

425 3726 1012 3808 Apostolicarum
1046 3721 1437 3800 exstitisse,
1477 3722 1549 3782 in
1585 3736 1723 3808 quo
1761 3716 1941 3778 nihil
2007 3736 2050 3778 a
2107 3702 2247 3778 fide
2306 3714 2670 3776 catholica

427 3834 676 3896 autab
710 3832 1086 3896 Ecclesiae
1122 3828 1507 3910 disciplina
1571 3826 1889 3888 alienum
1957 3822 2496 3901 inveniebatur3
2560 3820 2668 3884 2.⁰

425 3940 844 4022 praedictas
880 3936 1443 4002 Constitutiones
1479 3940 1605 3996 aut
1639 3932 1907 4012 injuria
1957 3936 2366 4012 temporum
2416 3928 2668 4010 periis-

427 4066 531 4130 se,
571 4054 696 4110 aut
730 4066 880 4130 eae,
913 4064 1092 4130 quas
1124 4044 1497 4124 habemus,
1537 4042 1869 4106 diversas
1919 4038 2011 4102 ab
2075 4040 2163 4102 iis
2227 4054 2386 4102 esse
2450 4042 2522 4102 et
2580 4054 2674 4102 ex

567 4262 644 4332 (1)
718 4260 890 4315 Haer.
920 4262 992 4312 70
1008 4264 1196 4314 contra
1222 4259 1525 4316 Audiam&
