3332 5100
1261 375 1616 435 -257-

340 520 702 586 Ecclesiae
757 519 1244 604 disciplinam,
1307 521 1610 603 ejusque
1639 519 1801 586 loco
1858 519 2228 584 invectam
2262 509 2555 601 novam,

331 626 766 709 illegitimam
799 631 870 692 et
902 628 994 692 ab
1029 628 1276 692 usibus
1312 631 1384 691 et
1415 644 1634 692 sensu
1668 626 1891 694 totius
1907 627 2349 692 venerabilis
2376 626 2556 692 anti—

331 734 610 816 quitatis
644 734 863 816 plane
895 733 1434 798 abhorrentem.

493 839 589 905 Ut
617 841 755 905 hoc
787 840 1325 905 haereticorum
1383 843 1869 904 commentum
1922 841 2403 922 confutemus,
2466 841 2557 905 si-

328 947 608 1030 mulque
638 965 875 1038 yanas
908 965 1068 1012 esse
1100 947 1669 1012 declamationes
1712 951 1934 1030 atque
1958 947 2059 1028 inj
2073 951 2271 1012 ustas
2302 948 2346 1013 J
2352 965 2557 1012 anse-

328 1054 696 1120 nianorum
731 1055 1094 1137 querelas,
1135 1054 1413 1137 aliquid
1446 1054 1691 1119 dicere
1717 1054 1932 1136 juvat
1957 1054 2347 1120 adversum
2373 1056 2556 1137 ejus-

324 1163 511 1228 modi
563 1162 887 1245 ineptam
945 1162 1514 1228 accusationem:
1575 1161 1677 1226 1.⁰
1736 1162 2129 1243 ingenium,
2188 1163 2390 1226 fraus
2437 1163 2561 1226 vel

326 1269 618 1334 fallacia
652 1268 910 1334 Isidori
941 1269 1017 1333 in
1049 1286 1136 1333 eo
1171 1269 1314 1332 sita
1349 1273 1482 1351 est,
1543 1268 1734 1352 quod
1764 1269 1841 1332 in
1895 1269 2133 1333 forma
2169 1269 2557 1334 decretalis

329 1376 626 1440 ediderit
658 1377 1011 1460 pleraque
1045 1381 1513 1440 monumenta
1576 1376 1879 1459 antiqua
1936 1381 2287 1460 excerpta
2322 1395 2415 1442 ex
2447 1393 2561 1440 ca·

325 1485 626 1548 nonibus
662 1481 1170 1570 Conciliorum,
1206 1501 1298 1547 ex
1335 1483 1820 1549 Romanorum
1870 1484 2299 1550 Pontificum
2334 1485 2561 1549 since-

325 1591 418 1654 ris
453 1589 1102 1656 Oonstitutionibus
1137 1598 1358 1673 atque
1393 1608 1484 1655 ex
1533 1592 1913 1655 sententiis
1964 1590 2395 1656 Sanctorum
2430 1592 2561 1656 Pa·

325 1699 534 1778 trum3
575 1697 743 1763 hinc
775 1699 945 1762 licet
983 1697 1417 1762 documenta
1477 1698 1757 1781 primae
1789 1699 2021 1781 partis
2055 1698 2267 1780 hujus
2302 1698 2562 1763 collec-

323 1804 562 1886 tioniS,
603 1805 894 1887 aliaque
928 1823 1072 1869 non
1101 1821 1340 1886 pauca
1367 1805 1514 1868 sint
1540 1807 1779 1870 critice
1805 1805 2257 1887 apocrypha,
2288 1810 2559 1887 tamen,

321 1914 724 1995 generatim
756 1912 1143 1996 loquendo,
1175 1915 1342 1977 sunt
1381 1915 1697 2000 juridice
1727 1931 1930 1978 vera:
1968 1911 2073 1976 2.⁰
2123 1913 2457 1977 doctrina
2491 1918 2564 1978 et

325 2020 737 2102 disciplina,
773 2038 991 2103 quam
1023 2020 1258 2085 falsae
1284 2019 1714 2084 Decretales
1741 2021 2167 2104 plerumque
2191 2019 2559 2101 exhibent,

322 2128 639 2206 genuina
702 2133 836 2209 est,
875 2128 1191 2210 sincera,
1225 2147 1409 2193 vera
1444 2133 1516 2193 et
1579 2129 1673 2194 ab
1736 2129 2067 2194 Ecclesia
2125 2129 2443 2194 admissa
2476 2146 2562 2194 eo

323 2236 647 2316 tempore
683 2253 823 2318 quo
855 2237 1189 2302 collectio
1214 2236 1627 2304 Isidoriana
1654 2239 1950 2321 prodiit3
1992 2239 2350 2321 agebatur
2374 2239 2565 2303 enim

322 2342 406 2408 de
438 2344 686 2426 rebus,
721 2345 1070 2408 institutis
1105 2350 1178 2410 et
1222 2346 1507 2426 juribus
1567 2348 2097 2430 antiquioribus
2146 2345 2268 2412 vel
2302 2346 2565 2409 saltem

319 2467 460 2515 non
495 2451 710 2515 novis
747 2458 820 2515 et
851 2451 1116 2533 ignotis
1174 2454 1468 2518 saeculo
1527 2454 1763 2518 medio
1796 2452 1927 2533 IX,
1989 2452 2234 2536 prouti
2282 2451 2561 2516 erudite

319 2560 792 2624 ostenderunt
851 2562 1365 2644 quamplurimi
1443 2562 1708 2644 critici,
1793 2579 1973 2644 quos
2040 2562 2230 2625 inter
2294 2560 2564 2624 eminet

317 2670 656 2733 strenuus
688 2668 1021 2733 veritatis
1059 2669 1466 2733 catholicae
1500 2673 2004 2753 propugnator
2032 2672 2103 2733 et
2128 2671 2375 2732 sectae
2400 2668 2561 2749 jan-

319 2777 667 2841 senianae
699 2776 1038 2840 malleum
1075 2776 1532 2843 doctissimus
1594 2778 1669 2843 P.
1706 2777 2067 2842 Antonius
2125 2776 2565 2840 Zaccharias

318 2883 391 2947 in
423 2885 576 2949 suis
609 2884 1162 2968 sapientissimis
1220 2886 1559 2968 operibus
1625 2884 1982 2949 adversus
2036 2884 2399 2949 ‚Iustinum
2431 2882 2561 2947 Fe-

320 2991 652 3060 bronium
718 2990 928 3055 editis
974 2991 1094 3073 (1);
1133 2993 1332 3057 facta
1367 2996 1438 3055 et
1473 2992 1811 3073 exempla
1864 2992 2195 3073 proferre
2232 3007 2563 3072 superse·

320 3098 571 3163 demus
604 3098 986 3162 brevitatis
1022 3100 1286 3181 gratia,
1325 3118 1479 3163 rem
1505 3103 1731 3163 totam
1758 3100 2212 3163 illustrantes
2239 3098 2378 3161 hac
2404 3098 2565 3161 sola

321 3205 984 3298 animadversione,
1047 3208 1288 3270 omnia
1343 3207 1512 3285 jura
1547 3206 1918 3270 Romanae
1976 3204 2179 3270 Sedis
2238 3204 2563 3269 demons-

322 3314 506 3377 trari
543 3330 754 3395 posse
809 3313 1336 3396 antiquioribus
1389 3313 1723 3395 genuinis
1778 3313 2253 3394 documentis3
2314 3313 2419 3376 ita
2446 3313 2565 3393 jus

321 3420 769 3502 suscipiendi
804 3421 1336 3502 appellationes
1363 3422 1516 3502 jam
1572 3421 1816 3484 fuerat
1851 3438 1995 3484 non
2044 3420 2253 3484 modo
2290 3420 2563 3501 pluries

427 3637 506 3700 (1)
549 3634 1012 3687 'Eruditissimus
1038 3632 1209 3687 Pater
1233 3634 1571 3689 Franciscus
1601 3635 1882 3689 Antonius
1902 3631 2341 3696 zaccharias‚.S.
2367 3630 2427 3686 J.
2450 3632 2566 3685 vul-

321 3720 393 3771 go
415 3704 604 3759 Abbas
621 3703 955 3759 Zaccharias
979 3707 1296 3773 appellatus
1345 3708 1574 3759 saeculo
1599 3705 1809 3757 XVIII
1853 3704 2031 3769 (1714)
2084 3704 2340 3757 Venetiis
2393 3707 2565 3755 natus

321 3782 426 3841 est,
449 3782 510 3829 et
533 3776 644 3829 sub
663 3776 835 3829 finem
863 3778 1122 3842 ejusdem
1165 3778 1378 3829 saeculi
1405 3784 1586 3829 totam
1633 3792 1828 3829 curam
1854 3775 2135 3842 impendit
2187 3776 2243 3826 in
2272 3775 2567 3827 confutan-

323 3848 412 3901 dis
439 3848 710 3901 Febronii
735 3854 906 3915 atque
925 3849 1381 3901 Jansenistarum
1430 3848 1733 3901 erroribus:
1774 3849 2092 3913 disciplinis
2114 3847 2419 3910 historicis,
2447 3848 2569 3913 phi-

322 3918 596 3987 lologieis,
635 3920 987 3985 theologicis,
1012 3920 1270 3985 juridicis
1318 3925 1376 3972 et
1425 3920 1867 3985 archaeologicis
1890 3920 1998 3970 'ita
2056 3919 2455 3984 peritissimus,
2500 3920 2565 3969 ut

324 3992 760 4057 quamplurimis
810 3993 1196 4043 monumentis
1241 3993 1538 4043 scientiam
1601 3991 1941 4043 catholicam
2004 3990 2286 4051 ditaverit;
2340 3994 2569 4055 praeter

323 4065 480 4115 enim
502 4064 802 4116 innumera
825 4065 1212 4129 manuscripta
1237 4065 1388 4130 typis
1429 4063 1721 4126 evulgavit
1765 4064 1863 4114 106
1890 4060 2091 4127 Opera,
2119 4064 2268 4112 inter
2306 4076 2456 4126 quae
2496 4061 2568 4112 le-

323 4134 514 4201 genda
538 4140 596 4186 et
621 4148 848 4199 semper
872 4134 1220 4187 consulenda
1258 4140 1410 4199 sunt,
1450 4149 1552 4200 pro
1603 4132 1751 4185 Sede
1795 4133 2125 4198 Apostolica
2172 4136 2230 4185 et
2276 4130 2563 4185 Primanus

326 4204 616 4259 Pontificii
641 4204 884 4273 juribus,
910 4208 1000 4257 cui
1028 4206 1453 4258 addictissimus
1497 4204 1901 4271 praelaudatus
1946 4202 2201 4269 Scriptor
2247 4202 2367 4268 fuit,
2395 4202 2577 4257 vindi·

326 4276 544 4343 caudis,
561 4272 1014 4331 Anti-Febronius
1037 4279 1223 4345 (1768)
1241 4280 1302 4331 et
1325 4273 1783 4331 Anti-Febronius
1796 4274 2103 4329 vindicatus
2120 4276 2243 4342 (177
2258 4278 2323 4341 1).

2334 4366 2398 4419 18
