3332 5100
1628 335 1945 402 -70.-.

843 485 1046 554 XXI.
1103 562 1110 567 ,
1142 484 1346 568 Quod
1377 486 1602 551 semel
1635 485 1935 569 placuit,
1975 488 2283 568 amplius
2321 490 2710 572 displicere
2752 506 2902 552 non

667 600 941 681 potest.
1385 594 1392 597 ’

847 701 1083 768 XXII.
1179 699 1341 766 Non
1403 700 1617 766 debet
1649 700 1909 783 aliquis
1961 702 2259 766 alterius
2327 706 2487 768 odio
2547 722 2906 786 praegra-

669 828 858 877 vari.

844 914 1118 981 XXIII.
1215 912 1382 984 Sine
1409 914 1648 998 culpa,
1685 915 1825 980 nisi
1860 916 2087 980 subsit
2123 936 2369 998 causa,
2409 936 2553 982 non
2622 922 2730 986 est
2770 918 2902 980 ali-

672 1024 830 1107 quis
856 1021 1288 1107 puniendus,

847 1129 1115 1196 XXIV.
1213 1126 1418 1209 Quod
1451 1128 1608 1210 quis
1642 1128 1983 1194 mandato
2015 1130 2191 1192 facit
2211 1130 2503 1212 judicie,
2567 1130 2732 1194 dolo
2806 1132 2914 1194 fa·

672 1255 840 1303 cere
873 1254 1019 1301 non
1050 1235 1365 1318 videtur,
1412 1252 1575 1299 cum
1606 1235 1877 1300 habeat
1907 1254 2171 1318 parere
2203 1256 2531 1302 necesse.

847 1343 1077 1408 XXV.
1174 1342 1378 1407 Mora
1409 1361 1540 1406 sua
1580 1342 1876 1406 cuilibet
1911 1350 2019 1406 est
2053 1346 2339 1408 nociva.

848 1448 1115 1515 XXVI.
1211 1448 1319 1512 Ea
1352 1466 1539 1531 quae
1571 1449 1750 1513 fiunt
1785 1467 1827 1512 a
1853 1449 2121 1531 judice,
2153 1452 2213 1514 si
2251 1452 2341 1514 ad
2375 1452 2531 1530 ejus
2561 1470 2710 1516 non
2746 1470 2908 1534 spe-

675 1556 878 1619 ctant
912 1554 1251 1636 officium,
1284 1554 1561 1620 viribus
1594 1572 1740 1618 non
1774 1554 2195 1618 subsistunt.

846 1660 1149 1726 XXVII.
1246 1659 1517 1725 Scienti
1551 1665 1624 1725 et
1650 1662 2129 1726 consentienti
2163 1682 2307 1726 non
2341 1664 2419 1726 fit
2445 1664 2740 1744 injuria,
2786 1682 2910 1726 ne-

675 1785 814 1850 que
848 1767 1077 1832 dolus.

848 1873 1187 1938 XXVIII.
1286 1871 1487 1954 Quae
1522 1891 1565 1936 a
1583 1873 1750 1954 jnre
1777 1876 2135 1938 communi
2163 1876 2608 1958 exorbitant,
2642 1896 2916 1958 nequa-

675 1997 891 2063 quam
924 1981 1017 2044 ad
1052 1980 1643 2063 consequentiam
1679 1989 1847 2045 sunt
1881 1984 2269 2046 trahenda.

849 2087 1121 2151 XXIX.
1212 2085 1419 2167 Quod
1502 2104 1752 2152 omnes
1816 2092 2073 2172 tangit,
2137 2090 2351 2152 debet
2417 2090 2507 2154 ab
2573 2092 2908 2154 omnibus

675 2195 1095 2278 approbari.

850 2302 1083 2366 XXX.
1180 2303 1264 2367 In
1300 2304 1625 2368 obscuris
1661 2304 2029 2370 minimum
2057 2308 2167 2370 est
2201 2306 2672 2388 sequendum.

853 2410 1124 2476 XXXI.
1218 2410 1401 2476 Eum
1433 2412 1555 2495 qui
1581 2417 1822 2478 certus
1849 2418 1981 2496 est,
2014 2416 2397 2478 certiorari
2433 2416 2736 2478 ulterius
2764 2434 2916 2480 non

677 2495 987 2603 oportet.

850 2629 1158 2695 XXXII.
1255 2629 1414 2695 Non
1473 2632 1646 2698 licet
1680 2633 1931 2697 Actori
1969 2635 2159 2717 quod
2211 2635 2357 2699 Reo
2413 2637 2694 2701 licitum
2756 2657 2910 2703 11011
2962 2633 2966 2637 ’

677 2736 949 2803 existit.

852 2844 1197 2909 XXXIII.
1295 2844 1576 2915 Mutare
1611 2847 1991 2911 consilium
2027 2849 2185 2929 quis
2219 2867 2365 2913 non
2391 2855 2634 2931 potest
2700 2855 2774 2915 in
2812 2855 2922 2917 al-

675 2952 901 3017 terius
928 2950 1462 3016 detrimentum.
1883 2997 1888 3001 -

849 3056 1163 3123 XXXIV
1256 3056 1526 3123 Generi
1558 3078 1688 3142 per
1721 3063 2040 3144 speciem
2083 3063 2499 3145 derogatur.

855 3164 1154 3230 XXXV.
1250 3165 1419 3231 Plus
1478 3184 1766 3249 semper
1799 3169 1874 3232 in
1907 3187 1984 3233 se
2019 3171 2341 3235 continet
2397 3173 2591 3255 quod,
2624 3179 2732 3237 est
2790 3177 2920 3239 mi-

676 3290 836 3338 nne.

854 3377 1191 3444 XXXVI.
1286 3380 1424 3445 Pro
1473 3399 1892 3465 possessore
1929 3385 2235 3451 habetur
2271 3387 2393 3467 qui
2459 3387 2646 3449 dolo·
2688 3387 2914 3453 desiit

676 3486 1077 3569 possidere.

852 3592 1226 3669 XXXVII.
1324 3594 1519 3659 Utile
1545 3614 1692 3661 non
1728 3598 1941 3663 debet
1975 3619 2105 3681 per
2139 3601 2391 3665 inutile
2427 3603 2702 3665 vitiari.

718 3775 722 3779 ,
768 3737 773 3741 -
852 3700 1264 3768 XXXVIII.
1358 3702 1482 3769 ΕΧ
1504 3723 1589 3768 eo
1624 3724 1768 3770 non
1803 3706 2017 3771 debet
2073 3711 2231 3789 quis
2289 3711 2355 3773 fr
2325 3715 2604 3783 ructum
2662 3727 2918 3773 conse

662 3810 825 3893 qui,
866 3811 1055 3891 quod
1087 3810 1285 3875 nisus
1320 3812 1561 3875 extitit
1595 3813 2051 3896 impugnare.

854 3916 1197 3984 XXXIX.
1296 3917 1472 3983 Cum
1499 3921 1671 4002 quid
1691 3922 2133 4005 prohibetur,
2165 3855 2638 4005 prohibentur
2670 3925 2924 3989 omnia

679 4041 866 4107 quae
900 4029 1299 4107 sequuntur
1326 4044 1419 4090 ex
1445 4027 1599 4091 illo.

720 4179 727 4207 i
855 4131 1009 4196 XL.
1104 4132 1415 4199 Pluralis
1477 4135 1746 4201 locutio
1812 4136 2113 4203 duorum
2179 4158 2475 4203 numero
2575 4143 2684 4249 est
2744 4155 2918 4203 0011-

679 4242 909 4304 tenta.
