<?xml version="1.0" encoding="UTF-8"?>
<!DOCTYPE html PUBLIC "-//W3C//DTD XHTML 1.0 Transitional//EN"
    "http://www.w3.org/TR/xhtml1/DTD/xhtml1-transitional.dtd">
<html xmlns="http://www.w3.org/1999/xhtml" xml:lang="en" lang="en">
 <head>
  <title>
</title>
<meta http-equiv="Content-Type" content="text/html;charset=utf-8" />
  <meta name='ocr-system' content='tesseract 3.04.00' />
  <meta name='ocr-capabilities' content='ocr_page ocr_carea ocr_par ocr_line ocrx_word'/>
</head>
<body>
  <div class='ocr_page' id='page_1' title='image "./introductioinju00ferngoog_0312.png"; bbox 0 0 3332 5100; ppageno 0'>
   <div class='ocr_carea' id='block_1_1' title="bbox 1712 349 2071 410">
    <p class='ocr_par' dir='ltr' id='par_1_1' title="bbox 1712 349 2071 410">
     <span class='ocr_line' id='line_1_1' title="bbox 1712 349 2071 410; baseline 0 0"><span class='ocrx_word' id='word_1_1' title='bbox 1712 349 2071 410; x_wconf 80' lang='lat'>-292—</span> 
     </span>
    </p>
   </div>
   <div class='ocr_carea' id='block_1_2' title="bbox 767 494 3038 4450">
    <p class='ocr_par' dir='ltr' id='par_1_2' title="bbox 767 494 3020 1332">
     <span class='ocr_line' id='line_1_2' title="bbox 767 494 3009 583; baseline -0.002 -17"><span class='ocrx_word' id='word_1_2' title='bbox 767 517 862 566; x_wconf 87' lang='lat' dir='ltr'><strong>ex</strong></span> <span class='ocrx_word' id='word_1_3' title='bbox 897 497 1212 566; x_wconf 79' lang='lat' dir='ltr'><strong>novellis</strong></span> <span class='ocrx_word' id='word_1_4' title='bbox 1239 495 1873 562; x_wconf 76' lang='lat' dir='ltr'><strong>constitutionibus</strong></span> <span class='ocrx_word' id='word_1_5' title='bbox 1900 514 1945 560; x_wconf 83' lang='lat' dir='ltr'><strong>a</strong></span> <span class='ocrx_word' id='word_1_6' title='bbox 1976 513 2055 560; x_wconf 88' lang='lat' dir='ltr'><strong>se</strong></span> <span class='ocrx_word' id='word_1_7' title='bbox 2080 495 2237 578; x_wconf 88' lang='lat' dir='ltr'><strong>ipso</strong></span> <span class='ocrx_word' id='word_1_8' title='bbox 2274 494 2511 577; x_wconf 90' lang='lat' dir='ltr'><strong>editis,</strong></span> <span class='ocrx_word' id='word_1_9' title='bbox 2546 513 2818 583; x_wconf 84' lang='lat' dir='ltr'><strong>novum</strong></span> <span class='ocrx_word' id='word_1_10' title='bbox 2846 514 3009 562; x_wconf 91' lang='lat' dir='ltr'><strong>con-</strong></span> 
     </span>
     <span class='ocr_line' id='line_1_3' title="bbox 767 600 3011 688; baseline -0.001 -16"><span class='ocrx_word' id='word_1_11' title='bbox 767 606 993 673; x_wconf 85' lang='lat' dir='ltr'><strong>flandi</strong></span> <span class='ocrx_word' id='word_1_12' title='bbox 1018 605 1344 671; x_wconf 82' lang='lat' dir='ltr'><strong>codicem</strong></span> <span class='ocrx_word' id='word_1_13' title='bbox 1361 604 1548 687; x_wconf 89' lang='lat' dir='ltr'><strong>juris</strong></span> <span class='ocrx_word' id='word_1_14' title='bbox 1583 603 1848 686; x_wconf 89' lang='lat' dir='ltr'><strong>civilis,</strong></span> <span class='ocrx_word' id='word_1_15' title='bbox 1878 603 1984 666; x_wconf 87' lang='lat' dir='ltr'><strong>ita</strong></span> <span class='ocrx_word' id='word_1_16' title='bbox 2018 607 2091 667; x_wconf 91' lang='lat' dir='ltr'><strong>et</strong></span> <span class='ocrx_word' id='word_1_17' title='bbox 2122 600 2517 685; x_wconf 76' lang='lat' dir='ltr'><strong>Gregorius</strong></span> <span class='ocrx_word' id='word_1_18' title='bbox 2548 602 2656 668; x_wconf 90' lang='lat' dir='ltr'><strong>IX</strong></span> <span class='ocrx_word' id='word_1_19' title='bbox 2708 603 2789 668; x_wconf 91' lang='lat' dir='ltr'><strong>B.</strong></span> <span class='ocrx_word' id='word_1_20' title='bbox 2826 605 3011 688; x_wconf 82' lang='lat' dir='ltr'><strong>Ray-</strong></span> 
     </span>
     <span class='ocr_line' id='line_1_4' title="bbox 769 711 3015 795; baseline -0.001 -14"><span class='ocrx_word' id='word_1_21' title='bbox 769 714 1035 782; x_wconf 91' lang='lat' dir='ltr'><strong>mundo</strong></span> <span class='ocrx_word' id='word_1_22' title='bbox 1069 713 1158 779; x_wconf 92' lang='lat' dir='ltr'><strong>de</strong></span> <span class='ocrx_word' id='word_1_23' title='bbox 1191 712 1614 795; x_wconf 89' lang='lat' dir='ltr'><strong>Penuafort‚</strong></span> <span class='ocrx_word' id='word_1_24' title='bbox 1643 711 1941 776; x_wconf 90' lang='lat' dir='ltr'><strong>natione</strong></span> <span class='ocrx_word' id='word_1_25' title='bbox 1988 711 2341 794; x_wconf 86' lang='lat' dir='ltr'><strong>Hispano,</strong></span> <span class='ocrx_word' id='word_1_26' title='bbox 2378 711 2539 776; x_wconf 85' lang='lat' dir='ltr'><strong>viro</strong></span> <span class='ocrx_word' id='word_1_27' title='bbox 2603 711 2879 793; x_wconf 90' lang='lat' dir='ltr'><strong>pietate</strong></span> <span class='ocrx_word' id='word_1_28' title='bbox 2943 716 3015 778; x_wconf 89' lang='lat' dir='ltr'><strong>et</strong></span> 
     </span>
     <span class='ocr_line' id='line_1_5' title="bbox 767 816 3015 906; baseline -0.001 -18"><span class='ocrx_word' id='word_1_29' title='bbox 767 821 1155 906; x_wconf 87' lang='lat' dir='ltr'><strong>multiplici</strong></span> <span class='ocrx_word' id='word_1_30' title='bbox 1181 820 1587 886; x_wconf 81' lang='lat' dir='ltr'><strong>eruditione</strong></span> <span class='ocrx_word' id='word_1_31' title='bbox 1620 818 2277 902; x_wconf 84' lang='lat' dir='ltr'><strong>praestantissime,</strong></span> <span class='ocrx_word' id='word_1_32' title='bbox 2314 816 2519 890; x_wconf 81' lang='lat' dir='ltr'><strong>Sacri</strong></span> <span class='ocrx_word' id='word_1_33' title='bbox 2546 817 2814 886; x_wconf 88' lang='lat' dir='ltr'><strong>Palatii</strong></span> <span class='ocrx_word' id='word_1_34' title='bbox 2872 819 3015 886; x_wconf 85' lang='lat' dir='ltr'><strong>Au-</strong></span> 
     </span>
     <span class='ocr_line' id='line_1_6' title="bbox 771 925 3016 1010; baseline -0 -15"><span class='ocrx_word' id='word_1_35' title='bbox 771 930 990 995; x_wconf 89' lang='lat' dir='ltr'><strong>ditori</strong></span> <span class='ocrx_word' id='word_1_36' title='bbox 1023 932 1098 994; x_wconf 89' lang='lat' dir='ltr'><strong>et</strong></span> <span class='ocrx_word' id='word_1_37' title='bbox 1122 927 1546 1010; x_wconf 90' lang='lat' dir='ltr'><strong>Apostolico</strong></span> <span class='ocrx_word' id='word_1_38' title='bbox 1580 925 2179 1008; x_wconf 82' lang='lat' dir='ltr'><strong>PoenitentiariO,</strong></span> <span class='ocrx_word' id='word_1_39' title='bbox 2219 927 2679 1008; x_wconf 86' lang='lat' dir='ltr'><strong>provinciam</strong></span> <span class='ocrx_word' id='word_1_40' title='bbox 2726 930 3016 994; x_wconf 87' lang='lat' dir='ltr'><strong>commi·</strong></span> 
     </span>
     <span class='ocr_line' id='line_1_7' title="bbox 770 1032 3016 1121; baseline -0.002 -17"><span class='ocrx_word' id='word_1_41' title='bbox 770 1039 888 1121; x_wconf 88' lang='lat' dir='ltr'><strong>sit,</strong></span> <span class='ocrx_word' id='word_1_42' title='bbox 927 1042 1006 1102; x_wconf 93' lang='lat' dir='ltr'><strong>ut</strong></span> <span class='ocrx_word' id='word_1_43' title='bbox 1041 1053 1136 1102; x_wconf 84' lang='lat' dir='ltr'><strong>ex</strong></span> <span class='ocrx_word' id='word_1_44' title='bbox 1169 1035 1500 1100; x_wconf 91' lang='lat' dir='ltr'><strong>omnibus</strong></span> <span class='ocrx_word' id='word_1_45' title='bbox 1548 1033 2037 1098; x_wconf 79' lang='lat' dir='ltr'><strong>anterioribus</strong></span> <span class='ocrx_word' id='word_1_46' title='bbox 2094 1032 2592 1100; x_wconf 89' lang='lat' dir='ltr'><strong>Decretalium</strong></span> <span class='ocrx_word' id='word_1_47' title='bbox 2650 1035 3016 1101; x_wconf 91' lang='lat' dir='ltr'><strong>collectio-</strong></span> 
     </span>
     <span class='ocr_line' id='line_1_8' title="bbox 769 1139 3020 1226; baseline -0.002 -16"><span class='ocrx_word' id='word_1_48' title='bbox 769 1145 1008 1226; x_wconf 89' lang='lat' dir='ltr'><strong>nibus,</strong></span> <span class='ocrx_word' id='word_1_49' title='bbox 1045 1160 1331 1208; x_wconf 90' lang='lat' dir='ltr'><strong>necnon</strong></span> <span class='ocrx_word' id='word_1_50' title='bbox 1395 1159 1489 1206; x_wconf 91' lang='lat' dir='ltr'><strong>ex</strong></span> <span class='ocrx_word' id='word_1_51' title='bbox 1555 1140 2087 1206; x_wconf 84' lang='lat' dir='ltr'><strong>recentioribus</strong></span> <span class='ocrx_word' id='word_1_52' title='bbox 2151 1139 2785 1206; x_wconf 86' lang='lat' dir='ltr'><strong>constitutionibus</strong></span> <span class='ocrx_word' id='word_1_53' title='bbox 2846 1159 2891 1205; x_wconf 88' lang='lat' dir='ltr'><strong>a</strong></span> <span class='ocrx_word' id='word_1_54' title='bbox 2940 1159 3020 1206; x_wconf 89' lang='lat' dir='ltr'><strong>se</strong></span> 
     </span>
     <span class='ocr_line' id='line_1_9' title="bbox 772 1246 2657 1332; baseline -0.003 -14"><span class='ocrx_word' id='word_1_55' title='bbox 772 1251 1012 1332; x_wconf 88' lang='lat' dir='ltr'><strong>editis,</strong></span> <span class='ocrx_word' id='word_1_56' title='bbox 1041 1267 1312 1314; x_wconf 89' lang='lat' dir='ltr'><strong>novum</strong></span> <span class='ocrx_word' id='word_1_57' title='bbox 1346 1247 1844 1313; x_wconf 88' lang='lat' dir='ltr'><strong>Decretalium</strong></span> <span class='ocrx_word' id='word_1_58' title='bbox 1878 1246 2204 1312; x_wconf 87' lang='lat' dir='ltr'><strong>codicem</strong></span> <span class='ocrx_word' id='word_1_59' title='bbox 2241 1247 2657 1312; x_wconf 88' lang='lat' dir='ltr'><strong>conficeret.</strong></span> 
     </span>
    </p>

    <p class='ocr_par' dir='ltr' id='par_1_3' title="bbox 769 1354 3030 2302">
     <span class='ocr_line' id='line_1_10' title="bbox 949 1354 3021 1438; baseline -0.001 -15"><span class='ocrx_word' id='word_1_60' title='bbox 949 1357 1260 1423; x_wconf 83' lang='lat' dir='ltr'><strong>Sanctus</strong></span> <span class='ocrx_word' id='word_1_61' title='bbox 1295 1354 1763 1438; x_wconf 86' lang='lat' dir='ltr'><strong>Raymundus</strong></span> <span class='ocrx_word' id='word_1_62' title='bbox 1800 1357 1950 1418; x_wconf 88' lang='lat' dir='ltr'><strong>tam</strong></span> <span class='ocrx_word' id='word_1_63' title='bbox 1981 1354 2261 1436; x_wconf 86' lang='lat' dir='ltr'><strong>ingenti</strong></span> <span class='ocrx_word' id='word_1_64' title='bbox 2288 1354 2492 1438; x_wconf 91' lang='lat' dir='ltr'><strong>operi</strong></span> <span class='ocrx_word' id='word_1_65' title='bbox 2540 1355 2711 1420; x_wconf 90' lang='lat' dir='ltr'><strong>totis</strong></span> <span class='ocrx_word' id='word_1_66' title='bbox 2737 1355 3021 1421; x_wconf 87' lang='lat' dir='ltr'><strong>viribus</strong></span> 
     </span>
     <span class='ocr_line' id='line_1_11' title="bbox 771 1462 3025 1556; baseline -0 -26"><span class='ocrx_word' id='word_1_67' title='bbox 771 1465 1018 1544; x_wconf 84' lang='lat' dir='ltr'><strong>statim</strong></span> <span class='ocrx_word' id='word_1_68' title='bbox 1050 1463 1474 1529; x_wconf 86' lang='lat' dir='ltr'><strong>incumbens</strong></span> <span class='ocrx_word' id='word_1_69' title='bbox 1541 1462 2055 1545; x_wconf 89' lang='lat' dir='ltr'><strong>gravissimum</strong></span> <span class='ocrx_word' id='word_1_70' title='bbox 2111 1479 2367 1526; x_wconf 91' lang='lat' dir='ltr'><strong>munus</strong></span> <span class='ocrx_word' id='word_1_71' title='bbox 2423 1462 2569 1556; x_wconf 32' lang='lat' dir='ltr'><strong>sibi·</strong></span> <span class='ocrx_word' id='word_1_72' title='bbox 2615 1463 3025 1545; x_wconf 90' lang='lat' dir='ltr'><strong>injunctum</strong></span> 
     </span>
     <span class='ocr_line' id='line_1_12' title="bbox 770 1568 3025 1655; baseline -0.001 -17"><span class='ocrx_word' id='word_1_73' title='bbox 770 1571 982 1638; x_wconf 90' lang='lat' dir='ltr'><strong>brevi</strong></span> <span class='ocrx_word' id='word_1_74' title='bbox 1017 1574 1326 1655; x_wconf 87' lang='lat' dir='ltr'><strong>quatuor</strong></span> <span class='ocrx_word' id='word_1_75' title='bbox 1360 1586 1718 1633; x_wconf 87' lang='lat' dir='ltr'><strong>annorum</strong></span> <span class='ocrx_word' id='word_1_76' title='bbox 1772 1569 2010 1651; x_wconf 87' lang='lat' dir='ltr'><strong>spatio</strong></span> <span class='ocrx_word' id='word_1_77' title='bbox 2076 1568 2379 1634; x_wconf 78' lang='lat' dir='ltr'><strong>mirifice</strong></span> <span class='ocrx_word' id='word_1_78' title='bbox 2432 1569 2887 1653; x_wconf 85' lang='lat' dir='ltr'><strong>adimplevit;</strong></span> <span class='ocrx_word' id='word_1_79' title='bbox 2952 1575 3025 1636; x_wconf 90' lang='lat' dir='ltr'><strong>et</strong></span> 
     </span>
     <span class='ocr_line' id='line_1_13' title="bbox 769 1677 3026 1745; baseline -0 0"><span class='ocrx_word' id='word_1_80' title='bbox 769 1680 943 1745; x_wconf 81' lang='lat' dir='ltr'><strong>licet</strong></span> <span class='ocrx_word' id='word_1_81' title='bbox 976 1679 1310 1745; x_wconf 88' lang='lat' dir='ltr'><strong>collectio</strong></span> <span class='ocrx_word' id='word_1_82' title='bbox 1346 1695 1392 1742; x_wconf 86' lang='lat' dir='ltr'><strong>a</strong></span> <span class='ocrx_word' id='word_1_83' title='bbox 1423 1695 1502 1741; x_wconf 87' lang='lat' dir='ltr'><strong>se</strong></span> <span class='ocrx_word' id='word_1_84' title='bbox 1539 1677 1922 1741; x_wconf 87' lang='lat' dir='ltr'><strong>elaborata.</strong></span> <span class='ocrx_word' id='word_1_85' title='bbox 1956 1695 2103 1740; x_wconf 90' lang='lat' dir='ltr'><strong>non</strong></span> <span class='ocrx_word' id='word_1_86' title='bbox 2166 1677 2401 1742; x_wconf 90' lang='lat' dir='ltr'><strong>solum</strong></span> <span class='ocrx_word' id='word_1_87' title='bbox 2467 1695 2560 1742; x_wconf 87' lang='lat' dir='ltr'><strong>ex</strong></span> <span class='ocrx_word' id='word_1_88' title='bbox 2617 1678 3026 1744; x_wconf 73' lang='lat' dir='ltr'><strong>Deci-etali-</strong></span> 
     </span>
     <span class='ocr_line' id='line_1_14' title="bbox 772 1782 3025 1866; baseline -0.001 -14"><span class='ocrx_word' id='word_1_89' title='bbox 772 1787 906 1852; x_wconf 90' lang='lat' dir='ltr'><strong>bus</strong></span> <span class='ocrx_word' id='word_1_90' title='bbox 931 1784 1326 1851; x_wconf 88' lang='lat' dir='ltr'><strong>Pontificiis</strong></span> <span class='ocrx_word' id='word_1_91' title='bbox 1362 1783 1839 1866; x_wconf 81' lang='lat' dir='ltr'><strong>coalesceret,</strong></span> <span class='ocrx_word' id='word_1_92' title='bbox 1876 1782 2004 1864; x_wconf 86' lang='lat' dir='ltr'><strong>sed</strong></span> <span class='ocrx_word' id='word_1_93' title='bbox 2038 1783 2257 1848; x_wconf 85' lang='lat' dir='ltr'><strong>etiam</strong></span> <span class='ocrx_word' id='word_1_94' title='bbox 2295 1802 2386 1848; x_wconf 86' lang='lat' dir='ltr'><strong>ex</strong></span> <span class='ocrx_word' id='word_1_95' title='bbox 2434 1783 2597 1848; x_wconf 89' lang='lat' dir='ltr'><strong>aliis</strong></span> <span class='ocrx_word' id='word_1_96' title='bbox 2644 1786 3025 1852; x_wconf 80' lang='lat' dir='ltr'><strong>canonicis</strong></span> 
     </span>
     <span class='ocr_line' id='line_1_15' title="bbox 775 1892 3027 1976; baseline -0 -16"><span class='ocrx_word' id='word_1_97' title='bbox 775 1894 1091 1976; x_wconf 75' lang='lat' dir='ltr'><strong>statutiS,</strong></span> <span class='ocrx_word' id='word_1_98' title='bbox 1136 1895 1317 1976; x_wconf 87' lang='lat' dir='ltr'><strong>puta</strong></span> <span class='ocrx_word' id='word_1_99' title='bbox 1365 1892 1839 1958; x_wconf 89' lang='lat' dir='ltr'><strong>conciliorum</strong></span> <span class='ocrx_word' id='word_1_100' title='bbox 1894 1893 2320 1976; x_wconf 84' lang='lat' dir='ltr'><strong>canonibus,</strong></span> <span class='ocrx_word' id='word_1_101' title='bbox 2372 1896 2619 1958; x_wconf 89' lang='lat' dir='ltr'><strong>tamen</strong></span> <span class='ocrx_word' id='word_1_102' title='bbox 2674 1911 2838 1958; x_wconf 89' lang='lat' dir='ltr'><strong>cum</strong></span> <span class='ocrx_word' id='word_1_103' title='bbox 2887 1894 3027 1959; x_wconf 89' lang='lat' dir='ltr'><strong>De·</strong></span> 
     </span>
     <span class='ocr_line' id='line_1_16' title="bbox 777 2000 3030 2085; baseline -0 -17"><span class='ocrx_word' id='word_1_104' title='bbox 777 2003 1092 2068; x_wconf 88' lang='lat' dir='ltr'><strong>cretales</strong></span> <span class='ocrx_word' id='word_1_105' title='bbox 1124 2001 1613 2065; x_wconf 87' lang='lat' dir='ltr'><strong>Romanorum</strong></span> <span class='ocrx_word' id='word_1_106' title='bbox 1663 2000 2091 2065; x_wconf 90' lang='lat' dir='ltr'><strong>Pontificum</strong></span> <span class='ocrx_word' id='word_1_107' title='bbox 2144 2006 2432 2084; x_wconf 87' lang='lat' dir='ltr'><strong>partem</strong></span> <span class='ocrx_word' id='word_1_108' title='bbox 2498 2002 2858 2085; x_wconf 90' lang='lat' dir='ltr'><strong>potiorem</strong></span> <span class='ocrx_word' id='word_1_109' title='bbox 2918 2003 3030 2067; x_wconf 91' lang='lat' dir='ltr'><strong>sui</strong></span> 
     </span>
     <span class='ocr_line' id='line_1_17' title="bbox 777 2108 3024 2192; baseline 0 -18"><span class='ocrx_word' id='word_1_110' title='bbox 777 2109 1020 2192; x_wconf 90' lang='lat' dir='ltr'><strong>operis</strong></span> <span class='ocrx_word' id='word_1_111' title='bbox 1089 2109 1644 2191; x_wconf 87' lang='lat' dir='ltr'><strong>constituerent,</strong></span> <span class='ocrx_word' id='word_1_112' title='bbox 1713 2108 1787 2172; x_wconf 89' lang='lat' dir='ltr'><strong>id</strong></span> <span class='ocrx_word' id='word_1_113' title='bbox 1852 2108 2205 2190; x_wconf 83' lang='lat' dir='ltr'><strong>evulgare</strong></span> <span class='ocrx_word' id='word_1_114' title='bbox 2279 2109 2513 2174; x_wconf 84' lang='lat' dir='ltr'><strong>voluit</strong></span> <span class='ocrx_word' id='word_1_115' title='bbox 2590 2110 2723 2175; x_wconf 90' lang='lat' dir='ltr'><strong>sub</strong></span> <span class='ocrx_word' id='word_1_116' title='bbox 2782 2111 3024 2174; x_wconf 88' lang='lat' dir='ltr'><strong>titulo:</strong></span> 
     </span>
     <span class='ocr_line' id='line_1_18' title="bbox 775 2215 2588 2302; baseline -0.001 -20"><span class='ocrx_word' id='word_1_117' title='bbox 775 2217 1256 2282; x_wconf 80' lang='lat' dir='ltr'><strong>Decretalium</strong></span> <span class='ocrx_word' id='word_1_118' title='bbox 1279 2215 1373 2280; x_wconf 88' lang='lat' dir='ltr'><strong>D.</strong></span> <span class='ocrx_word' id='word_1_119' title='bbox 1411 2215 1734 2302; x_wconf 73' lang='lat' dir='ltr'><strong>Greqorii</strong></span> <span class='ocrx_word' id='word_1_120' title='bbox 1757 2215 1999 2299; x_wconf 75' lang='lat' dir='ltr'><strong>Papae</strong></span> <span class='ocrx_word' id='word_1_121' title='bbox 2032 2216 2144 2278; x_wconf 89' lang='lat' dir='ltr'><strong>IX</strong></span> <span class='ocrx_word' id='word_1_122' title='bbox 2169 2216 2588 2300; x_wconf 79' lang='lat' dir='ltr'><strong>compilatio.</strong></span> 
     </span>
    </p>

    <p class='ocr_par' dir='ltr' id='par_1_4' title="bbox 777 2320 3038 3375">
     <span class='ocr_line' id='line_1_19' title="bbox 961 2320 3032 2407; baseline -0.002 -15"><span class='ocrx_word' id='word_1_123' title='bbox 961 2323 1189 2392; x_wconf 79' lang='lat' dir='ltr'><strong>Causa</strong></span> <span class='ocrx_word' id='word_1_124' title='bbox 1222 2326 1296 2387; x_wconf 88' lang='lat' dir='ltr'><strong>et</strong></span> <span class='ocrx_word' id='word_1_125' title='bbox 1327 2321 1635 2407; x_wconf 76' lang='lat' dir='ltr'><strong>Epocha.</strong></span> <span class='ocrx_word' id='word_1_126' title='bbox 1735 2320 2017 2386; x_wconf 86' lang='lat' dir='ltr'><strong>Causae</strong></span> <span class='ocrx_word' id='word_1_127' title='bbox 2072 2324 2542 2405; x_wconf 83' lang='lat' dir='ltr'><strong>praecipuae,</strong></span> <span class='ocrx_word' id='word_1_128' title='bbox 2597 2323 2881 2406; x_wconf 88' lang='lat' dir='ltr'><strong>quibus,</strong></span> <span class='ocrx_word' id='word_1_129' title='bbox 2953 2327 3032 2388; x_wconf 92' lang='lat' dir='ltr'><strong>ut</strong></span> 
     </span>
     <span class='ocr_line' id='line_1_20' title="bbox 779 2429 3030 2518; baseline -0.001 -20"><span class='ocrx_word' id='word_1_130' title='bbox 779 2435 936 2518; x_wconf 89' lang='lat' dir='ltr'><strong>ipse</strong></span> <span class='ocrx_word' id='word_1_131' title='bbox 972 2430 1368 2514; x_wconf 78' lang='lat' dir='ltr'><strong>Gregorius</strong></span> <span class='ocrx_word' id='word_1_132' title='bbox 1402 2430 1508 2496; x_wconf 93' lang='lat' dir='ltr'><strong>IX</strong></span> <span class='ocrx_word' id='word_1_133' title='bbox 1539 2429 1687 2494; x_wconf 91' lang='lat' dir='ltr'><strong>suis</strong></span> <span class='ocrx_word' id='word_1_134' title='bbox 1722 2429 2018 2493; x_wconf 89' lang='lat' dir='ltr'><strong>Litteris</strong></span> <span class='ocrx_word' id='word_1_135' title='bbox 2055 2429 2485 2510; x_wconf 82' lang='lat' dir='ltr'><strong>declaravit,</strong></span> <span class='ocrx_word' id='word_1_136' title='bbox 2524 2431 2735 2511; x_wconf 88' lang='lat' dir='ltr'><strong>hujus</strong></span> <span class='ocrx_word' id='word_1_137' title='bbox 2760 2431 3030 2496; x_wconf 88' lang='lat' dir='ltr'><strong>collec-</strong></span> 
     </span>
     <span class='ocr_line' id='line_1_21' title="bbox 777 2535 3029 2620; baseline -0.001 -13"><span class='ocrx_word' id='word_1_138' title='bbox 777 2541 995 2607; x_wconf 90' lang='lat' dir='ltr'><strong>tionis</strong></span> <span class='ocrx_word' id='word_1_139' title='bbox 1031 2537 1441 2604; x_wconf 87' lang='lat' dir='ltr'><strong>lucubratio</strong></span> <span class='ocrx_word' id='word_1_140' title='bbox 1468 2535 1854 2601; x_wconf 89' lang='lat' dir='ltr'><strong>tribuenda</strong></span> <span class='ocrx_word' id='word_1_141' title='bbox 1883 2542 2016 2619; x_wconf 91' lang='lat' dir='ltr'><strong>est,</strong></span> <span class='ocrx_word' id='word_1_142' title='bbox 2050 2536 2142 2601; x_wconf 88' lang='lat' dir='ltr'><strong>ad</strong></span> <span class='ocrx_word' id='word_1_143' title='bbox 2179 2541 2487 2620; x_wconf 89' lang='lat' dir='ltr'><strong>quatuor</strong></span> <span class='ocrx_word' id='word_1_144' title='bbox 2514 2540 2759 2619; x_wconf 88' lang='lat' dir='ltr'><strong>capita</strong></span> <span class='ocrx_word' id='word_1_145' title='bbox 2816 2556 3029 2604; x_wconf 89' lang='lat' dir='ltr'><strong>revo-</strong></span> 
     </span>
     <span class='ocr_line' id='line_1_22' title="bbox 780 2644 3031 2731; baseline -0.001 -17"><span class='ocrx_word' id='word_1_146' title='bbox 780 2649 934 2715; x_wconf 84' lang='lat' dir='ltr'><strong>cari</strong></span> <span class='ocrx_word' id='word_1_147' title='bbox 968 2651 1292 2731; x_wconf 87' lang='lat' dir='ltr'><strong>possunt:</strong></span> <span class='ocrx_word' id='word_1_148' title='bbox 1326 2646 1689 2709; x_wconf 89' lang='lat' dir='ltr'><strong>defectum</strong></span> <span class='ocrx_word' id='word_1_149' title='bbox 1743 2644 2041 2709; x_wconf 91' lang='lat' dir='ltr'><strong>unitatis</strong></span> <span class='ocrx_word' id='word_1_150' title='bbox 2096 2645 2170 2708; x_wconf 93' lang='lat' dir='ltr'><strong>in</strong></span> <span class='ocrx_word' id='word_1_151' title='bbox 2224 2644 2711 2709; x_wconf 83' lang='lat' dir='ltr'><strong>anterioribus</strong></span> <span class='ocrx_word' id='word_1_152' title='bbox 2764 2646 3031 2712; x_wconf 87' lang='lat' dir='ltr'><strong>codici-</strong></span> 
     </span>
     <span class='ocr_line' id='line_1_23' title="bbox 786 2752 3034 2837; baseline -0 -17"><span class='ocrx_word' id='word_1_153' title='bbox 786 2755 921 2820; x_wconf 92' lang='lat' dir='ltr'><strong>bus</strong></span> <span class='ocrx_word' id='word_1_154' title='bbox 969 2754 1241 2837; x_wconf 90' lang='lat' dir='ltr'><strong>passim</strong></span> <span class='ocrx_word' id='word_1_155' title='bbox 1266 2757 1621 2834; x_wconf 83' lang='lat' dir='ltr'><strong>notatum3</strong></span> <span class='ocrx_word' id='word_1_156' title='bbox 1657 2752 2316 2834; x_wconf 87' lang='lat' dir='ltr'><strong>promulgationem</strong></span> <span class='ocrx_word' id='word_1_157' title='bbox 2342 2770 2700 2817; x_wconf 88' lang='lat' dir='ltr'><strong>novorum</strong></span> <span class='ocrx_word' id='word_1_158' title='bbox 2748 2753 3034 2819; x_wconf 89' lang='lat' dir='ltr'><strong>Rescri-</strong></span> 
     </span>
     <span class='ocr_line' id='line_1_24' title="bbox 785 2858 3030 2947; baseline -0 -20"><span class='ocrx_word' id='word_1_159' title='bbox 785 2867 1071 2947; x_wconf 89' lang='lat' dir='ltr'><strong>ptorum</strong></span> <span class='ocrx_word' id='word_1_160' title='bbox 1136 2861 1228 2926; x_wconf 86' lang='lat' dir='ltr'><strong>ab</strong></span> <span class='ocrx_word' id='word_1_161' title='bbox 1290 2861 1447 2944; x_wconf 92' lang='lat' dir='ltr'><strong>ipso</strong></span> <span class='ocrx_word' id='word_1_162' title='bbox 1510 2858 1866 2941; x_wconf 79' lang='lat' dir='ltr'><strong>Gregorio</strong></span> <span class='ocrx_word' id='word_1_163' title='bbox 1925 2859 2031 2923; x_wconf 90' lang='lat' dir='ltr'><strong>IX</strong></span> <span class='ocrx_word' id='word_1_164' title='bbox 2064 2860 2361 2943; x_wconf 82' lang='lat' dir='ltr'><strong>factam3</strong></span> <span class='ocrx_word' id='word_1_165' title='bbox 2402 2862 3030 2945; x_wconf 86' lang='lat' dir='ltr'><strong>contrarietatem,</strong></span> 
     </span>
     <span class='ocr_line' id='line_1_25' title="bbox 782 2966 3034 3054; baseline -0 -19"><span class='ocrx_word' id='word_1_166' title='bbox 782 2970 1292 3054; x_wconf 90' lang='lat' dir='ltr'><strong>repetitionem</strong></span> <span class='ocrx_word' id='word_1_167' title='bbox 1355 2973 1574 3051; x_wconf 89' lang='lat' dir='ltr'><strong>atque</strong></span> <span class='ocrx_word' id='word_1_168' title='bbox 1603 2966 2107 3031; x_wconf 83' lang='lat' dir='ltr'><strong>extensionem</strong></span> <span class='ocrx_word' id='word_1_169' title='bbox 2162 2967 2641 3033; x_wconf 88' lang='lat' dir='ltr'><strong>Decretorum</strong></span> <span class='ocrx_word' id='word_1_170' title='bbox 2677 2968 3034 3034; x_wconf 85' lang='lat' dir='ltr'><strong>Romano·</strong></span> 
     </span>
     <span class='ocr_line' id='line_1_26' title="bbox 777 3074 3035 3157; baseline -0.001 -14"><span class='ocrx_word' id='word_1_171' title='bbox 777 3096 937 3144; x_wconf 90' lang='lat' dir='ltr'><strong>rum</strong></span> <span class='ocrx_word' id='word_1_172' title='bbox 971 3076 1397 3141; x_wconf 88' lang='lat' dir='ltr'><strong>Pontificum</strong></span> <span class='ocrx_word' id='word_1_173' title='bbox 1432 3075 1496 3157; x_wconf 90' lang='lat' dir='ltr'><strong>ej</strong></span> <span class='ocrx_word' id='word_1_174' title='bbox 1510 3094 1588 3140; x_wconf 90' lang='lat' dir='ltr'><strong>us</strong></span> <span class='ocrx_word' id='word_1_175' title='bbox 1623 3074 2305 3154; x_wconf 82' lang='lat' dir='ltr'><strong>Praedecessorum3</strong></span> <span class='ocrx_word' id='word_1_176' title='bbox 2345 3074 2565 3140; x_wconf 88' lang='lat' dir='ltr'><strong>dubia</strong></span> <span class='ocrx_word' id='word_1_177' title='bbox 2598 3076 2687 3139; x_wconf 89' lang='lat' dir='ltr'><strong>de</strong></span> <span class='ocrx_word' id='word_1_178' title='bbox 2730 3076 3035 3141; x_wconf 87' lang='lat' dir='ltr'><strong>authen-</strong></span> 
     </span>
     <span class='ocr_line' id='line_1_27' title="bbox 781 3181 3038 3267; baseline 0 -18"><span class='ocrx_word' id='word_1_179' title='bbox 781 3184 1062 3250; x_wconf 88' lang='lat' dir='ltr'><strong>ticitate</strong></span> <span class='ocrx_word' id='word_1_180' title='bbox 1098 3181 1573 3266; x_wconf 88' lang='lat' dir='ltr'><strong>quarumdam</strong></span> <span class='ocrx_word' id='word_1_181' title='bbox 1603 3181 2103 3247; x_wconf 88' lang='lat' dir='ltr'><strong>Decretalium</strong></span> <span class='ocrx_word' id='word_1_182' title='bbox 2141 3188 2425 3266; x_wconf 84' lang='lat' dir='ltr'><strong>exorta,</strong></span> <span class='ocrx_word' id='word_1_183' title='bbox 2466 3202 2653 3267; x_wconf 88' lang='lat' dir='ltr'><strong>quae</strong></span> <span class='ocrx_word' id='word_1_184' title='bbox 2710 3183 3038 3258; x_wconf 89' lang='lat' dir='ltr'><strong>nondum</strong></span> 
     </span>
     <span class='ocr_line' id='line_1_28' title="bbox 779 3290 2725 3375; baseline -0.001 -18"><span class='ocrx_word' id='word_1_185' title='bbox 779 3292 855 3357; x_wconf 92' lang='lat' dir='ltr'><strong>in</strong></span> <span class='ocrx_word' id='word_1_186' title='bbox 878 3290 1484 3375; x_wconf 86' lang='lat' dir='ltr'><strong>praecedentibus</strong></span> <span class='ocrx_word' id='word_1_187' title='bbox 1520 3290 2155 3372; x_wconf 85' lang='lat' dir='ltr'><strong>compilationibus</strong></span> <span class='ocrx_word' id='word_1_188' title='bbox 2182 3291 2465 3355; x_wconf 86' lang='lat' dir='ltr'><strong>relatae</strong></span> <span class='ocrx_word' id='word_1_189' title='bbox 2490 3294 2725 3357; x_wconf 86' lang='lat' dir='ltr'><strong>erant.</strong></span> 
     </span>
    </p>

    <p class='ocr_par' dir='ltr' id='par_1_5' title="bbox 777 3395 3038 4450">
     <span class='ocr_line' id='line_1_29' title="bbox 960 3395 3037 3479; baseline 0.001 -18"><span class='ocrx_word' id='word_1_190' title='bbox 960 3396 1180 3461; x_wconf 90' lang='lat' dir='ltr'><strong>Hisce</strong></span> <span class='ocrx_word' id='word_1_191' title='bbox 1213 3395 1576 3461; x_wconf 88' lang='lat' dir='ltr'><strong>rationum</strong></span> <span class='ocrx_word' id='word_1_192' title='bbox 1629 3396 2013 3459; x_wconf 91' lang='lat' dir='ltr'><strong>momentis</strong></span> <span class='ocrx_word' id='word_1_193' title='bbox 2077 3399 2448 3478; x_wconf 89' lang='lat' dir='ltr'><strong>permotus</strong></span> <span class='ocrx_word' id='word_1_194' title='bbox 2504 3398 3037 3479; x_wconf 85' lang='lat' dir='ltr'><strong>praelaudatus</strong></span> 
     </span>
     <span class='ocr_line' id='line_1_30' title="bbox 785 3501 3037 3585; baseline -0 -14"><span class='ocrx_word' id='word_1_195' title='bbox 785 3503 1116 3571; x_wconf 89' lang='lat' dir='ltr'><strong>Summus</strong></span> <span class='ocrx_word' id='word_1_196' title='bbox 1161 3501 1502 3567; x_wconf 85' lang='lat' dir='ltr'><strong>Pontifex</strong></span> <span class='ocrx_word' id='word_1_197' title='bbox 1549 3502 2106 3568; x_wconf 87' lang='lat' dir='ltr'><strong>celeberrimam</strong></span> <span class='ocrx_word' id='word_1_198' title='bbox 2154 3504 2747 3585; x_wconf 82' lang='lat' dir='ltr'><strong>compilationem</strong></span> <span class='ocrx_word' id='word_1_199' title='bbox 2779 3506 3037 3571; x_wconf 83' lang='lat' dir='ltr'><strong>Decre-</strong></span> 
     </span>
     <span class='ocr_line' id='line_1_31' title="bbox 785 3609 3034 3697; baseline -0.001 -18"><span class='ocrx_word' id='word_1_200' title='bbox 785 3614 1056 3694; x_wconf 82' lang='lat' dir='ltr'><strong>talz‘um,</strong></span> <span class='ocrx_word' id='word_1_201' title='bbox 1097 3628 1322 3694; x_wconf 87' lang='lat' dir='ltr'><strong>opera</strong></span> <span class='ocrx_word' id='word_1_202' title='bbox 1385 3609 1465 3675; x_wconf 89' lang='lat' dir='ltr'><strong>B.</strong></span> <span class='ocrx_word' id='word_1_203' title='bbox 1527 3609 1938 3692; x_wconf 86' lang='lat' dir='ltr'><strong>Raymundi</strong></span> <span class='ocrx_word' id='word_1_204' title='bbox 1986 3610 2075 3675; x_wconf 90' lang='lat' dir='ltr'><strong>de</strong></span> <span class='ocrx_word' id='word_1_205' title='bbox 2131 3611 2531 3677; x_wconf 84' lang='lat' dir='ltr'><strong>Pennafort</strong></span> <span class='ocrx_word' id='word_1_206' title='bbox 2588 3613 3034 3697; x_wconf 84' lang='lat' dir='ltr'><strong>absolutam,</strong></span> 
     </span>
     <span class='ocr_line' id='line_1_32' title="bbox 785 3718 3035 3805; baseline -0.001 -17"><span class='ocrx_word' id='word_1_207' title='bbox 785 3720 1248 3788; x_wconf 87' lang='lat' dir='ltr'><strong>universitati</strong></span> <span class='ocrx_word' id='word_1_208' title='bbox 1311 3719 1773 3802; x_wconf 83' lang='lat' dir='ltr'><strong>Bononiensi,</strong></span> <span class='ocrx_word' id='word_1_209' title='bbox 1843 3721 1965 3785; x_wconf 91' lang='lat' dir='ltr'><strong>vel</strong></span> <span class='ocrx_word' id='word_1_210' title='bbox 2030 3718 2450 3803; x_wconf 89' lang='lat' dir='ltr'><strong>Parisiensi‚</strong></span> <span class='ocrx_word' id='word_1_211' title='bbox 2505 3720 2629 3787; x_wconf 89' lang='lat' dir='ltr'><strong>vel</strong></span> <span class='ocrx_word' id='word_1_212' title='bbox 2714 3721 3035 3805; x_wconf 90' lang='lat' dir='ltr'><strong>utrique,</strong></span> 
     </span>
     <span class='ocr_line' id='line_1_33' title="bbox 777 3826 3037 3913; baseline -0.002 -17"><span class='ocrx_word' id='word_1_213' title='bbox 777 3832 991 3913; x_wconf 84' lang='lat' dir='ltr'><strong>juxta</strong></span> <span class='ocrx_word' id='word_1_214' title='bbox 1021 3829 1310 3895; x_wconf 87' lang='lat' dir='ltr'><strong>variam</strong></span> <span class='ocrx_word' id='word_1_215' title='bbox 1368 3827 1697 3893; x_wconf 88' lang='lat' dir='ltr'><strong>codicum</strong></span> <span class='ocrx_word' id='word_1_216' title='bbox 1746 3826 2162 3909; x_wconf 89' lang='lat' dir='ltr'><strong>lectionem,</strong></span> <span class='ocrx_word' id='word_1_217' title='bbox 2214 3828 2594 3910; x_wconf 90' lang='lat' dir='ltr'><strong>proposuit</strong></span> <span class='ocrx_word' id='word_1_218' title='bbox 2652 3828 2850 3892; x_wconf 88' lang='lat' dir='ltr'><strong>circa</strong></span> <span class='ocrx_word' id='word_1_219' title='bbox 2906 3847 3037 3893; x_wconf 88' lang='lat' dir='ltr'><strong>an-</strong></span> 
     </span>
     <span class='ocr_line' id='line_1_34' title="bbox 785 3935 3037 4021; baseline -0.001 -18"><span class='ocrx_word' id='word_1_220' title='bbox 785 3958 957 4003; x_wconf 91' lang='lat' dir='ltr'><strong>num</strong></span> <span class='ocrx_word' id='word_1_221' title='bbox 993 3936 1190 4021; x_wconf 80' lang='lat'><strong>1230,</strong></span> <span class='ocrx_word' id='word_1_222' title='bbox 1223 3940 1302 4001; x_wconf 89' lang='lat' dir='ltr'><strong>ut</strong></span> <span class='ocrx_word' id='word_1_223' title='bbox 1337 3954 1425 4001; x_wconf 89' lang='lat' dir='ltr'><strong>ea</strong></span> <span class='ocrx_word' id='word_1_224' title='bbox 1447 3940 1731 4000; x_wconf 87' lang='lat' dir='ltr'><strong>tantum</strong></span> <span class='ocrx_word' id='word_1_225' title='bbox 1756 3939 2135 4001; x_wconf 89' lang='lat' dir='ltr'><strong>uterentur</strong></span> <span class='ocrx_word' id='word_1_226' title='bbox 2160 3936 2318 4000; x_wconf 87' lang='lat' dir='ltr'><strong>sive</strong></span> <span class='ocrx_word' id='word_1_227' title='bbox 2343 3935 2813 4018; x_wconf 87' lang='lat' dir='ltr'><strong>magistratus</strong></span> <span class='ocrx_word' id='word_1_228' title='bbox 2871 3936 3037 4003; x_wconf 89' lang='lat' dir='ltr'><strong>sive</strong></span> 
     </span>
     <span class='ocr_line' id='line_1_35' title="bbox 793 4041 3038 4126; baseline -0.001 -17"><span class='ocrx_word' id='word_1_229' title='bbox 793 4044 1193 4126; x_wconf 88' lang='lat' dir='ltr'><strong>scholares,</strong></span> <span class='ocrx_word' id='word_1_230' title='bbox 1225 4046 1377 4107; x_wconf 86' lang='lat' dir='ltr'><strong>tum</strong></span> <span class='ocrx_word' id='word_1_231' title='bbox 1406 4042 1480 4106; x_wconf 92' lang='lat' dir='ltr'><strong>in</strong></span> <span class='ocrx_word' id='word_1_232' title='bbox 1499 4041 1820 4123; x_wconf 80' lang='lat' dir='ltr'><strong>Judiciis,</strong></span> <span class='ocrx_word' id='word_1_233' title='bbox 1854 4046 2004 4106; x_wconf 91' lang='lat' dir='ltr'><strong>tum</strong></span> <span class='ocrx_word' id='word_1_234' title='bbox 2040 4041 2114 4105; x_wconf 91' lang='lat' dir='ltr'><strong>in</strong></span> <span class='ocrx_word' id='word_1_235' title='bbox 2148 4042 2572 4123; x_wconf 87' lang='lat' dir='ltr'><strong>gymnasiis.</strong></span> <span class='ocrx_word' id='word_1_236' title='bbox 2614 4042 2821 4107; x_wconf 89' lang='lat' dir='ltr'><strong>Unde</strong></span> <span class='ocrx_word' id='word_1_237' title='bbox 2881 4044 3038 4123; x_wconf 79' lang='lat' dir='ltr'><strong>fac-</strong></span> 
     </span>
     <span class='ocr_line' id='line_1_36' title="bbox 784 4147 3037 4234; baseline -0 -18"><span class='ocrx_word' id='word_1_238' title='bbox 784 4156 936 4217; x_wconf 91' lang='lat' dir='ltr'><strong>tum</strong></span> <span class='ocrx_word' id='word_1_239' title='bbox 962 4155 1096 4231; x_wconf 90' lang='lat' dir='ltr'><strong>est,</strong></span> <span class='ocrx_word' id='word_1_240' title='bbox 1138 4150 1330 4234; x_wconf 90' lang='lat' dir='ltr'><strong>quod</strong></span> <span class='ocrx_word' id='word_1_241' title='bbox 1356 4168 1400 4213; x_wconf 87' lang='lat' dir='ltr'><strong>a</strong></span> <span class='ocrx_word' id='word_1_242' title='bbox 1428 4147 1765 4233; x_wconf 87' lang='lat' dir='ltr'><strong>Gregorii</strong></span> <span class='ocrx_word' id='word_1_243' title='bbox 1791 4148 1897 4213; x_wconf 92' lang='lat' dir='ltr'><strong>IX</strong></span> <span class='ocrx_word' id='word_1_244' title='bbox 1932 4153 2177 4215; x_wconf 89' lang='lat' dir='ltr'><strong>aetate</strong></span> <span class='ocrx_word' id='word_1_245' title='bbox 2212 4168 2439 4234; x_wconf 89' lang='lat' dir='ltr'><strong>usque</strong></span> <span class='ocrx_word' id='word_1_246' title='bbox 2472 4150 2565 4215; x_wconf 88' lang='lat' dir='ltr'><strong>ad</strong></span> <span class='ocrx_word' id='word_1_247' title='bbox 2612 4149 2828 4214; x_wconf 91' lang='lat' dir='ltr'><strong>finem</strong></span> <span class='ocrx_word' id='word_1_248' title='bbox 2877 4168 3037 4215; x_wconf 86' lang='lat' dir='ltr'><strong>sae-</strong></span> 
     </span>
     <span class='ocr_line' id='line_1_37' title="bbox 781 4257 3034 4342; baseline -0.002 -15"><span class='ocrx_word' id='word_1_249' title='bbox 781 4260 926 4327; x_wconf 89' lang='lat' dir='ltr'><strong>culi</strong></span> <span class='ocrx_word' id='word_1_250' title='bbox 959 4258 1137 4325; x_wconf 89' lang='lat' dir='ltr'>XIII</span> <span class='ocrx_word' id='word_1_251' title='bbox 1171 4259 1353 4325; x_wconf 87' lang='lat' dir='ltr'><strong>haec</strong></span> <span class='ocrx_word' id='word_1_252' title='bbox 1379 4259 1716 4325; x_wconf 90' lang='lat' dir='ltr'><strong>collectio</strong></span> <span class='ocrx_word' id='word_1_253' title='bbox 1753 4261 2126 4342; x_wconf 86' lang='lat' dir='ltr'><strong>tamquam</strong></span> <span class='ocrx_word' id='word_1_254' title='bbox 2160 4259 2415 4325; x_wconf 88' lang='lat' dir='ltr'><strong>unicus</strong></span> <span class='ocrx_word' id='word_1_255' title='bbox 2450 4257 2684 4323; x_wconf 84' lang='lat' dir='ltr'><strong>codex</strong></span> <span class='ocrx_word' id='word_1_256' title='bbox 2732 4258 3034 4323; x_wconf 84' lang='lat' dir='ltr'><strong>canoni-</strong></span> 
     </span>
     <span class='ocr_line' id='line_1_38' title="bbox 789 4365 2061 4450; baseline -0.002 -15"><span class='ocrx_word' id='word_1_257' title='bbox 789 4386 921 4435; x_wconf 87' lang='lat' dir='ltr'><strong>cae</strong></span> <span class='ocrx_word' id='word_1_258' title='bbox 946 4365 1568 4450; x_wconf 87' lang='lat' dir='ltr'><strong>jurisprudentiae</strong></span> <span class='ocrx_word' id='word_1_259' title='bbox 1603 4368 1906 4450; x_wconf 84' lang='lat' dir='ltr'><strong>recepta</strong></span> <span class='ocrx_word' id='word_1_260' title='bbox 1944 4365 2061 4433; x_wconf 88' lang='lat' dir='ltr'><strong>sit.</strong></span> 
     </span>
    </p>
   </div>
  </div>
 </body>
</html>
