3332 5100
1648 318 2006 379 —338—

704 465 1096 525 immediate
1126 468 1193 523 et
1222 464 1478 523 directe
1502 463 1705 522 beato
1739 462 1936 522 Petro
1967 462 2286 538 Apostolo
2316 462 2714 539 promissum
2744 469 2958 537 atque

707 546 1029 605 collatum
1054 550 1094 603 a
1123 542 1383 604 Christo
1415 544 1699 603 Domino
1729 544 1962 603 fuisse.
1993 543 2099 603 Ad
2138 559 2345 605 unum
2377 543 2556 603 enim
2585 543 2952 619 Simonem,

707 625 820 685 cui
850 627 1141 685 dixeratz
1178 624 1282 683 Tu
1311 625 1669 683 vocaberis
1721 621 1982 699 Cephas
2025 624 2141 703 (1),
2191 632 2547 699 postquam
2597 626 2710 684 ille
2759 641 2959 684 suam

707 706 1205 767 confessionem
1231 705 1465 764 edidit:
1496 705 1600 764 Tu
1622 721 1695 763 es
1717 702 2041 778 Christus,
2076 704 2288 763 Filius
2318 704 2443 763 Dei
2473 704 2639 780 vivi3
2682 706 2958 765 locutus

705 793 807 845 est
834 786 1183 846 Dominus:
1212 785 1458 845 Beatus
1480 801 1575 859 es,
1608 784 1840 845 Simon
1882 783 2089 844 Bar-J
2092 800 2243 858 ona,
2278 786 2439 859 quia
2476 800 2658 858 caro,
2702 792 2770 844 et
2798 802 2958 845 san-

705 866 859 942 guis
886 882 1021 925 non
1051 865 1386 925 revelavit
1416 866 1563 939 tibi,
1598 866 1718 923 sed
1740 864 1944 924 Pater
1965 880 2173 939 meus,
2221 866 2337 939 qui
2359 864 2432 925 in
2477 866 2685 925 coelis
2715 873 2838 924 est:
2882 872 2954 923 et

704 963 831 1021 ego
858 947 1010 1005 dico
1041 947 1188 1019 tibi,
1218 946 1378 1021 quia
1408 953 1483 1005 tu
1505 962 1577 1004 es
1605 945 1869 1018 Petrae,
1905 952 1974 1004 et
2002 960 2206 1020 super
2226 946 2403 1005 hane
2454 951 2717 1021 petram
2768 946 2958 1005 aedi-

704 1027 923 1086 ficabo
954 1026 1333 1087 Ecclesiam
1362 1042 1607 1098 meam,
1635 1032 1703 1085 et
1731 1031 1966 1101 portae
2009 1024 2215 1085 inferi
2262 1041 2398 1085 non
2453 1027 2962 1101 praevalebunt

594 1106 601 1119 “
706 1108 1034 1166 adversus
1066 1123 1236 1166 eam:
1272 1112 1339 1165 et
1370 1107 1495 1165 tibi
1524 1106 1702 1165 dabo
1745 1106 1976 1165 claves
2003 1107 2200 1181 regni
2229 1108 2593 1166 coelorumz
2627 1112 2695 1165 et
2744 1108 2961 1180 quod-

707 1202 994 1262 cumque
1020 1187 1346 1262 ligaveris
1371 1203 1573 1261 super
1605 1192 1880 1258 terram,
1915 1186 2048 1244 erit
2074 1187 2356 1261 ligatum
2405 1193 2472 1245 et
2515 1186 2587 1246 in
2615 1187 2846 1263 coelis3
2884 1194 2960 1246 et

705 1269 1177 1342 quodcumque
1209 1267 1492 1326 solveris
1516 1282 1719 1342 super
1748 1274 2022 1339 terram,
2057 1269 2187 1325 erit
2213 1267 2504 1326 solutum
2543 1273 2612 1325 et
2642 1267 2711 1326 in
2741 1267 2958 1326 coelis

704 1348 818 1427 (2).
853 1349 1073 1423 Atque
1109 1348 1225 1407 uni
1257 1346 1509 1407 Simoni
1534 1346 1734 1406 Petro
1767 1347 2052 1406 contulit
2081 1346 2126 1408 J
2129 1362 2282 1405 esus
2311 1355 2462 1421 post
2493 1363 2682 1407 suam
2728 1363 2958 1407 resur-

705 1429 1075 1488 rectionem
1107 1428 1347 1488 summi
1376 1428 1668 1503 pastoris
1692 1434 1759 1486 et
1784 1428 2068 1486 rectoris
2087 1428 2630 1501 jurisdictionem
2650 1428 2721 1487 in
2739 1434 2962 1488 totum

706 1525 898 1567 suum
932 1509 1135 1581 ovile,
1168 1509 1424 1567 dicens:
1459 1507 1672 1566 Pasce
1696 1523 1908 1582 agnos
1937 1524 2142 1566 meos:
2169 1507 2381 1567 Pasce
2409 1524 2570 1569 oves
2613 1525 2794 1568 meas
2827 1508 2954 1587 (3).

704 1588 879 1649 Huic
924 1595 1061 1647 tam
1091 1588 1494 1648 manifestae
1536 1604 1884 1647 sacrarum
1937 1586 2439 1662 Scripturarum
2471 1589 2844 1662 doctrinae,
2877 1596 2962 1649 ut

703 1669 791 1728 ab
821 1669 1129 1728 Ecclesia
1160 1668 1495 1728 eatholica
1527 1683 1793 1742 semper
1817 1668 2167 1727 intellecta
2197 1675 2315 1743 est,
2342 1676 2576 1743 aperte
2608 1686 2956 1744 opponun-

704 1756 814 1808 tur
843 1766 1096 1825 pravae
1127 1765 1357 1808 eorum
1388 1750 1789 1816 sententiae,
1825 1749 1940 1823 qui
1971 1749 2406 1807 constitutam
2456 1754 2496 1807 a
2530 1746 2790 1809 Christo
2821 1750 2960 1808 Do-

704 1830 883 1889 mino
914 1830 980 1887 in
1038 1846 1158 1888 sua
1209 1830 1515 1889 Ecclesia
1564 1829 1915 1903 regiminis
1963 1829 2250 1888 formam
2303 1835 2790 1904 pervertentes,
2837 1846 2958 1889 ne-

704 1916 871 1986 gant
906 1911 1121 1969 solum
1171 1909 1442 1968 Petrum
1488 1925 1651 1984 prae
1705 1909 1995 1969 caeteris
2044 1908 2404 1987 Apostoli8‚
2459 1910 2606 1970 sive
2650 1926 2962 1969 seorsum

706 1990 991 2065 singulis
1014 1991 1157 2049 sive
1190 1990 1498 2049 omnibus
1544 1990 1763 2063 simul,
1797 2005 1961 2049 vero
1994 1991 2400 2064 proprioque
2453 1990 2960 2065 jurisdictionis

703 2071 997 2146 primatu
1018 2070 1227 2129 fuisse
1258 2074 1299 2127 a
1330 2067 1590 2129 Christo
1615 2070 2044 2145 instructum3
2076 2077 2194 2129 aut
2236 2071 2352 2144 qui
2398 2070 2742 2130 affirmant
2770 2086 2959 2129 eum-

704 2152 857 2210 dem
886 2150 1248 2225 primatum
1278 2165 1412 2209 non
1442 2150 1854 2225 immediate,
1891 2150 2286 2225 directeque
2316 2151 2447 2226 ipsi
2489 2151 2692 2211 beato
2723 2151 2956 2224 Petr0,

704 2231 825 2291 sed
853 2230 1225 2303 Ecclesiae,
1262 2237 1328 2289 et
1357 2246 1479 2305 per
1509 2231 1684 2290 hanc
1728 2232 1830 2290 illi
1858 2237 1933 2290 ut
1962 2231 2176 2305 ipsius
2233 2230 2584 2290 Ecelesiae
2643 2232 2960 2291 ministro

706 2312 1007 2371 delatum
1034 2310 1266 2370 fuisse.

868 2390 939 2451 Si
962 2392 1113 2467 quis
1139 2391 1348 2466 igitur
1364 2390 1639 2463 dixerit,
1656 2390 1934 2450 beatum
1956 2390 2229 2451 Petrum
2253 2391 2646 2465 Apostolum
2669 2395 2710 2450 a
2733 2389 2954 2452 Chris-

706 2478 772 2531 to
803 2471 1084 2532 Domino
1116 2472 1552 2531 constitutum
1586 2486 1722 2529 non
1751 2486 1900 2529 esse
1928 2471 2398 2546 Apostolorum
2428 2473 2723 2531 omnium
2772 2473 2960 2547 prin-

706 2553 922 2628 cipem
954 2562 1021 2613 et
1050 2554 1253 2613 totius
1282 2553 1631 2612 Ecclesiae
1664 2552 2014 2611 militantis
2044 2552 2312 2611 visibile
2345 2559 2573 2628 caput3
2630 2554 2741 2612 vel
2771 2570 2959 2614 eum-

706 2633 859 2692 dem
889 2634 1159 2692 honoris
1192 2639 1474 2707 tantum,
1498 2649 1634 2692 non
1664 2639 1892 2692 autem
1919 2649 2126 2692 verae
2157 2632 2608 2709 propriaeque
2634 2635 2960 2708 jurisdic-

705 2714 907 2772 tionis
936 2715 1297 2788 primatum
1327 2714 1414 2772 ab
1458 2714 1696 2772 eodem
1743 2713 2024 2772 Domino
2076 2721 2301 2773 nostro
2339 2713 2385 2774 J
2389 2731 2509 2774 esu
2561 2711 2823 2774 Christo
2855 2715 2960 2774 di-

704 2800 891 2854 recte
921 2801 989 2853 et
1011 2793 1376 2854 inmediate
1409 2793 1784 2868 accepisse;
1808 2795 2169 2854 anathema
2197 2795 2304 2854 sit.

1632 2987 1917 3051 CAPUT
1944 2990 2029 3052 ΙΙ.

799 3109 896 3167 De
915 3107 1356 3186 perpetuitate
1375 3107 1716 3184 primatus
1745 3107 1926 3166 Petri
1953 3108 2028 3168 in
2060 3084 2380 3168 Romani}
2409 3109 2858 3186 Pontificibus.

869 3266 1060 3340 Quod
1090 3273 1315 3326 autem
1344 3267 1415 3326 in
1445 3267 1644 3326 beato
1703 3266 2022 3342 Apostolo
2073 3269 2293 3343 Petro,
2341 3268 2665 3345 Princeps
2722 3268 2959 3329 Pasto-

705 3363 856 3408 rum
899 3354 966 3406 et
1007 3347 1245 3407 Pastor
1297 3363 1582 3422 magnus
1637 3348 1885 3421 ovium,
1939 3349 2261 3409 Dominus
2311 3348 2612 3409 Christus
2643 3350 2846 3411 Jesus
2882 3350 2961 3410 in

704 3434 1104 3503 perpetuam
1133 3429 1417 3487 salutem
1448 3445 1530 3486 ac
1588 3444 1887 3503 perenne
1920 3430 2169 3488 bonum
2224 3430 2572 3490 Ecclesiae
2629 3431 2957 3506 instituit,

706 3509 777 3568 id
806 3508 1043 3567 eodem
1071 3514 1349 3567 auctore
1381 3508 1453 3569 in
1499 3508 1831 3581 Ecclesia,
1874 3525 2050 3584 quae
2102 3510 2387 3569 fundata
2445 3526 2647 3586 super
2687 3519 2962 3586 petram

706 3588 794 3648 ad
824 3589 1025 3647 finem
1054 3589 1481 3649 saeculorum
1509 3603 1725 3662 usque
1770 3590 1963 3648 firma
2014 3591 2244 3663 stabit,
2272 3591 2530 3666 jugiter
2561 3592 2809 3650 durare
2840 3608 2959 3652 ne-

706 3685 895 3728 cesse
927 3675 1049 3728 est.
1096 3668 1278 3728 Nulli
1310 3685 1471 3728 sane
1501 3669 1803 3742 dubium,
1857 3670 1990 3730 imo
2022 3671 2310 3731 saeculis
2358 3671 2668 3730 omnibus
2718 3679 2961 3732 notum

706 3755 830 3823 est,
865 3749 1046 3825 quod
1076 3755 1349 3809 sanctus
1376 3749 1946 3824 beatissimusque
1977 3749 2236 3825 Petrus„
2270 3750 2741 3827 Apostolorum
2769 3752 2958 3826 prin-

705 3845 865 3906 ceps
897 3836 964 3889 et
994 3835 1219 3904 caput,
1254 3829 1544 3903 fideique
1577 3830 1891 3889 columna.
1923 3837 1990 3889 et
2015 3831 2366 3890 Ecclesiae
2398 3832 2776 3891 catholicae
2800 3831 2960 3892 fun-

706 3912 1114 3985 damentum,
1141 3914 1182 3968 a
1203 3909 1482 3969 Domino
1506 3915 1738 3970 nostro
1765 3911 1810 3972 J
1814 3927 1934 3971 esu
1957 3909 2218 3973 Christo
2250 3919 2316 3972 et
2337 3911 2690 3972 Salvatore
2720 3913 2960 3973 huma-

846 4108 927 4175 (1)
1000 4105 1148 4160 Joan
1172 4105 1217 4158 Ι.
1245 4108 1329 4159 42.

843 4182 918 4244 (2)
988 4175 1382 4232 Matth.XV1.
1415 4178 1585 4229 16-19.

846 4253 921 4318 (3)
992 4250 1198 4303 Joann.
1223 4247 1385 4302 XXI.
1410 4247 1583 4304 15-17.
