3332 5100
1290 364 1600 424 -99...

295 511 381 573 sit
411 509 800 593 aliquando
828 511 1150 593 legitime
1186 509 1602 591 praepediri
1635 509 1758 575 vel
1793 527 1837 573 a
1875 509 2236 592 fidelibuS‚
2270 510 2393 576 vel
2429 510 2519 576 ab

293 619 685 701 Episcopis,
726 619 846 683 vel
884 637 926 681 a
962 619 1417 701 Principibus
1452 618 1984 686 saecularibus,

459 725 567 789 De
595 725 866 807 triplici
884 725 1022 789 hac
1044 727 1472 807 quaestione
1499 725 1773 808 aliquid
1796 724 2091 789 summis
2113 725 2326 789 labiis
2351 726 2521 791 deli-

289 833 633 913 babimus,
665 850 756 895 ne
782 831 1162 895 videamur
1178 833 1461 895 onmino
1483 833 1951 914 praeteriisse
1980 833 2521 896 controversias

293 940 451 1003 olim
487 957 746 1021 magno
778 941 1180 1003 animorum
1208 943 1410 1003 aestu
1443 939 1786 1021 agitatas,
1816 938 2028 1003 hodie
2054 939 2214 1004 fere
2243 938 2521 1004 obsole-

291 1051 417 1127 tas,
457 1045 792 1129 quamvis
824 1047 898 1109 in
926 1051 1296 1127 postrema
1324 1045 1844 1127 pertractando
1872 1046 2248 1128 paululum
2276 1046 2521 1110 immo-

291 1153 605 1217 rabimur
639 1159 940 1235 propter
974 1155 1417 1235 peculiarem
1452 1153 1557 1217 rei
1586 1154 2140 1235 praestantiam.

501 1261 613 1325 89.
714 1261 1242 1325 Praetermissa
1276 1261 1628 1341 singulari
1662 1244 2020 1344 Fagnani,
2081 1260 2312 1325 Bouix
2354 1262 2525 1326 alio-

289 1385 583 1449 rumque
655 1369 1020 1449 opinione,
1072 1369 1194 1451 qui
1246 1371 1536 1431 tuentur
1567 1368 1829 1450 legem,
1862 1368 2107 1433 statim
2143 1386 2231 1433 ac
2258 1368 2521 1451 editur,

289 1495 539 1539 veram
575 1481 649 1539 et
683 1477 1088 1559 perfectam
1132 1493 1314 1557 esse,
1356 1479 1571 1558 atque
1605 1492 1854 1540 omnes
1882 1474 2339 1558 obstringere
2375 1476 2525 1558 qui-

291 1582 417 1645 bus
459 1583 880 1663 innotuerit,
935 1585 1152 1647 etiam
1178 1589 1348 1647 ante
1383 1584 2065 1667 promulgationem,
2105 1601 2321 1665 quam
2376 1583 2523 1667 qui-

291 1687 441 1753 dem
479 1691 924 1755 sententiam
986 1691 1364 1753 confutare
1396 1708 2027 1774 supervacaneum
2065 1690 2271 1754 nobis
2325 1689 2523 1756 vide-

293 1799 425 1877 tur,
467 1813 629 1859 cum
663 1797 898 1859 solida
962 1801 1034 1859 et
1096 1797 1494 1860 intrinseca
1557 1797 2080 1879 probabilitate
2138 1799 2413 1878 careat,
2455 1799 2527 1861 et

291 1903 643 1965 communi
724 1921 812 1965 ac
876 1903 1206 1985 generali
1272 1903 1775 1986 theologorum
1841 1903 2527 1985 canonistarumque

291 2009 661 2074 doctrinae
686 2013 988 2094 pugnet,
1022 2011 1322 2076 ducibus
1356 2009 1707 2092 Angelico
1732 2011 2074 2093 Doctore,
2114 2009 2380 2075 Sancto
2405 2009 2523 2074 Al-

289 2120 557 2202 phonso
595 2120 830 2184 Maria
864 2138 906 2182 a
940 2118 1230 2200 Ligorio
1272 2120 1390 2200 (1),
1428 2118 1710 2183 Eximio
1748 2117 2093 2184 Suarezio
2130 2117 2527 2202 (2)mu1tis-

291 2246 419 2308 que
439 2228 603 2290 aliis
631 2228 828 2290 fama
856 2230 928 2290 et
956 2226 1357 2290 eruditione
1385 2227 1816 2308 praedaria,
1842 2225 2344 2291 contendimus
2366 2243 2525 2307 pro-

288 2336 802 2416 mulgationem
840 2336 1128 2398 omnino
1176 2340 1248 2398 et
1284 2334 1772 2398 essentialiter
1841 2334 2118 2416 requiri
2156 2333 2248 2396 ad
2290 2333 2527 2414 legem

287 2442 577 2522 proprie
613 2442 880 2504 dictam
908 2442 980 2504 iu
1006 2462 1126 2505 suo
1162 2462 1302 2504 esse
1332 2440 1945 2522 constituendam,
1978 2438 2169 2521 quod
2195 2437 2525 2521 equidem

287 2548 750 2628 sequentibus
784 2548 1188 2610 rationibus
1224 2546 1649 2611 evincimus:

447 2654 549 2716 1.0
633 2652 816 2732 Quia
842 2654 964 2716 lex
992 2672 1120 2736 per
1146 2656 1432 2719 modum
1450 2657 1777 2738 regulae,
1799 2674 1985 2738 quae
2006 2655 2093 2720 iis
2117 2656 2374 2738 quibus
2399 2655 2523 2720 im—

289 2760 575 2840 ponitur
603 2760 960 2840 applicari
990 2760 1226 2842 debet,
1252 2763 1735 2844 constituitur3
1768 2766 2056 2845 oportet
2083 2763 2306 2844 igitur
2335 2779 2521 2842 eam,

289 2870 361 2928 ut
387 2866 760 2946 obligandi
794 2866 942 2930 vim
978 2868 1270 2948 habeat,
1312 2869 1784 2951 promulgari,
1836 2872 1908 2933 et
1955 2868 2049 2932 ad
2091 2886 2367 2950 eorum,
2407 2869 2529 2950 qui

289 2974 427 3056 legi
461 2974 966 3056 subjiciuntur,
1022 2976 1358 3038 notitiam
1413 2975 1697 3056 deduci;
1753 2976 1922 3040 talis
1974 2980 2084 3040 est
2107 2974 2177 3040 S.
2209 2975 2527 3039 Thomae

291 3084 846 3162 argumentatio:
882 3082 1030 3146 Lem
1062 3084 1441 3166 imponitur
1466 3085 1631 3149 aliis
1652 3105 1788 3168 per
1845 3084 2119 3149 modum
2155 3085 2433 3168 reyulae
2466 3090 2529 3147 ct

291 3210 669 3254 mensurae.
712 3192 976 3274 Reyaza
1022 3198 1248 3254 autem
1312 3198 1376 3255 et
1406 3211 1728 3256 ”teneura
1789 3192 2172 3274 imponitur
2221 3211 2355 3275 per
2407 3191 2529 3255 hoc

293 3298 461 3377 quod
499 3298 902 3380 applicatur
936 3298 1040 3360 his
1068 3318 1238 3380 quae
1274 3299 1679 3384 requlautur
1711 3305 1776 3362 et
1802 3305 2322 3381 mensurantur;
2350 3298 2529 3363 unde

293 3402 377 3466 ad
401 3402 521 3468 hoc
559 3404 736 3486 quod
768 3404 882 3466 iem
908 3406 1228 3468 virtutem
1256 3405 1608 3489 obliqaudi
1641 3406 1965 3488 obtineat,
2009 3406 2187 3488 quod
2241 3412 2341 3470 est
2361 3424 2527 3488 pro—

289 3510 521 3590 prium
561 3510 750 3594 leyiS,
788 3518 1048 3592 oportet
1076 3512 1256 3592 quod
1290 3512 1681 3595 applicetur
1715 3511 2122 3593 homiuibus,
2151 3513 2267 3595 qui
2295 3531 2529 3575 secuu-

297 3616 447 3680 dum
479 3638 631 3680 eam
663 3618 972 3700 requiari
1008 3618 1264 3682 debent.
1314 3618 1506 3684 Talis
1541 3625 1770 3683 autem
1837 3619 2220 3703 applicatio
2282 3619 2360 3704 fit
2397 3637 2529 3701 per

299 3720 409 3786 hoc
445 3722 623 3806 quod
657 3724 730 3786 iu
762 3724 1078 3788 notitiam
1112 3746 1346 3789 eorum
1372 3725 1738 3790 deducitur
1771 3747 1856 3790 eac
1911 3726 2069 3809 ipsa
2125 3725 2527 3808 promulya-

297 3828 489 3894 tione:
515 3832 693 3894 uude
705 3832 1180 3916 promuiyatio
1208 3834 1366 3916 ipsa
1398 3825 1795 3899 neccesaria
1820 3833 2036 3898 estad
2061 3832 2184 3898 hoc
2212 3832 2391 3915 quod
2415 3833 2529 3897 lca:

303 3934 535 4002 habeat
559 3960 758 4004 suam
790 3940 1112 4004 virtutem
1162 3940 1282 4020 (3).

434 4134 510 4195 (1)
584 4132 707 4186 Lib.
732 4133 779 4200 1,
802 4133 887 4201 el,
910 4138 995 4201 62,
1021 4135 1105 4188 96.

436 4203 512 4267 (2)
584 4201 672 4255 De
701 4202 919 4273 legibus,
946 4205 1041 4258 lib.
1078 4209 1119 4274 Ι,
1147 4221 1265 4275 cap.
1290 4206 1365 4270 11;
1397 4205 1515 4258 Lib.
1548 4205 1645 4266 IV,
1674 4221 1793 4273 cap.
1822 4205 1950 4260 XV.

442 4277 514 4341 (3)
592 4275 801 4330 Summ.
829 4274 1022 4332 Prima
1046 4279 1351 4345 secundae,
1370 4294 1423 4344 q.
1443 4276 1565 4344 XO,
1592 4282 1692 4332 art.
1719 4277 1818 4331 IV.
