3332 5100
1688 365 2048 424 -234—

753 511 1183 577 habiliorem
1239 510 1786 574 canonistarum
1850 512 2316 590 sententiam,
2378 512 2566 576 inter
2635 530 2813 594 quos
2865 512 2983 574 Be-

757 620 1118 699 rhardius,
1154 618 1515 695 Donosus,
1536 616 1859 681 Camillis
1892 636 2052 680 cum
2084 620 2246 680 aliis
2270 620 2534 694 multis,
2568 620 2819 682 iifflem
2844 622 2985 680 fere

760 726 1210 790 documentis
1242 735 1556 804 constat,
1616 726 1878 806 quibus
1910 728 2316 788 anteriores
2352 728 2847 804 colice-tiones,
2887 744 2985 788 re-

751 835 970 915 jectis
1004 843 1248 897 tamen
1282 833 1684 896 canonibus
1738 832 2316 912 sardicensibffl,
2372 846 2444 896 ut
2510 836 2729 916 paulo
2781 842 2987 894 antea

758 942 1149 1019 innuimus,
1214 939 1625 1021 additIsque
1682 939 1811 1002 102
1842 944 2242 1004 canonibus
2300 940 2629 1004 Trullani
2667 938 2987 1016 Concilii,

763 1048 893 1112 133
927 1047 1047 1112 vel
1083 1045 1211 1111 132
1234 1047 1605 1111 Africanis
1636 1047 1728 1109 de
1775 1047 2007 1111 latino
2064 1050 2136 1110 in
2198 1066 2544 1130 graecum
2598 1048 2987 1126 transisti&

762 1155 947 1218 actis
1001 1151 1308 1218 Concilii
1361 1150 2148 1236 Constantinopolitani
2210 1156 2342 1218 sub
2404 1155 2749 1218 ,Nectario
2785 1161 2993 1234 atque

760 1260 1164 1343 Theophilo
1201 1260 1723 1324 Alexandrinis
1779 1279 1970 1325 anno
2028 1262 2160 1324 394
2194 1262 2422 1324 habiti
2472 1268 2544 1324 et
2582 1262 2655 1324 in
2713 1278 2995 1342 praece-

765 1368 1100 1431 dentibus
1132 1366 1504 1430 codicibus
1538 1367 1806 1448 omissi,
1872 1385 1963 1432 ac
1999 1368 2282 1430 demum
2350 1370 2470 1432 161
2508 1368 2853 1448 Epistolis
2891 1386 2993 1430 ca-

764 1473 1047 1538 nonicis
1079 1491 1123 1535 a
1150 1473 1569 1555 praecipuis
1600 1474 1939 1538 Patribus
1973 1484 2046 1539 et
2080 1476 2459 1558 Episcopis
2511 1474 2815 1538 Graecis
2843 1492 2995 1536 con-

764 1581 1085 1663 scriptis.

897 1687 1258 1753 Methodus
1293 1692 1367 1752 et
1395 1687 1760 1753 Eoetensio.
1794 1687 2222 1769 Hujusmodi
2260 1690 2594 1752 collectio
2633 1708 2823 1770 quae
2857 1706 2993 1752 rec-

772 1796 845 1859 te
868 1794 1236 1877 appellari
1261 1795 1492 1876 possit
1522 1793 1755 1861 Codex
1804 1798 2150 1880 qaam-alis
2206 1796 2560 1860 Ecclesiae
2608 1798 2999 1874 Orientalis,

770 1903 1110 1985 quoniam
1144 1918 1421 1965 summo
1456 1901 1532 1965 in
1564 1903 1799 1983 pretio
1827 1920 2115 1985 semper
2166 1904 2418 1966 habuit
2452 1920 2865 1982 magnaque
2891 1920 3001 1964 ve-

769 2010 1153 2072 neratione
1182 2010 1431 2090 coluit,
1469 2027 1631 2072 eam
1664 2011 2124 2092 locupletans
2164 2014 2372 2074 novis
2418 2024 2637 2092 atque
2663 2012 3001 2092 posterio-

770 2116 970 2180 ribus
1026 2116 1454 2197 canonibus,
1490 2117 1972 2203 chronoloyica
2036 2128 2256 2200 atque
2310 2122 2629 2204 perfecta
2689 2118 3007 2200 putanda

772 2228 908 2305 est,
976 2230 1127 2286 tum
1193 2224 1364 2305 quia
1427 2223 1756 2287 ordinem
1788 2232 2192 2307 temporum
2250 2238 2524 2304 servat,
2586 2236 2735 2288 tum
2793 2226 3005 2288 etiam

774 2332 963 2415 qued
1001 2329 1453 2395 documentis
1478 2331 1765 2413 integre
1798 2332 2182 2414 descriptis
2218 2334 2567 2396 coalescit
2598 2334 2723 2410 (1).

952 2437 1304 2504 Collectio
1335 2439 1591 2503 Photii.
1629 2437 1901 2518 Quinta
1931 2448 2007 2503 et
2038 2452 2408 2523 postrema
2440 2440 2799 2520 collectiO,
2833 2438 3007 2502 cele-

778 2547 1197 2613 bratissima
1255 2547 1450 2629 apud
1509 2545 1859 2631 GraecOS,
1896 2548 2240 2613 Photiana
2300 2555 2787 2631 nuncupatur,
2849 2547 3009 2629 quia

777 2674 939 2720 eam
973 2657 1447 2720 concinnavit
1508 2649 1830 2737 Photius,
1896 2656 2108 2721 homo
2148 2657 2438 2739 quidem
2490 2657 2913 2737 versipellis
2945 2657 3011 2715 et

779 2763 1290 2845 nequissimus,
1329 2763 1476 2845 qui,
1542 2764 1850 2826 scientia
1886 2780 2030 2827 non
2080 2765 2312 2827 minus
2348 2783 2566 2845 quam
2618 2759 3011 2827 execrabili

781 2872 1053 2935 astutia
1077 2870 1477 2953 praeditus,
1509 2889 1760 2934 omnes
1778 2873 2164 2953 superbiae
2194 2879 2412 2953 atque
2449 2871 2865 2935 ambitionis
2909 2885 3011 2931 ar-

780 2984 890 3043 tes
923 2978 1274 3059 adhibuit,
1302 2985 1380 3042 ut
1416 2977 1709 3041 tandem
1743 2980 1817 3040 in
1844 2976 2100 3041 Sedem
2138 2977 3013 3059 Constantinopolitanam

780 3085 1169 3149 invaderet
1200 3084 1445 3166 gratia
1475 3089 1549 3148 et
1583 3084 2130 3166 ope-Michaelis
2194 3085 2685 3167 imperatoriS,
2753 3083 3013 3145 bellum

781 3201 1211 3274 perpetuum
1268 3192 1647 3256 Ecclesiae
1681 3192 2048 3256 Romanae
2110 3193 2436 3257 indicens
2496 3201 2566 3255 et
2614 3193 3015 3253 luctuosum

782 3300 1098 3364 schisma
1148 3300 1504 3364 orientale
1539 3318 2048 3365 consummans
2084 3302 2360 3383 ingenti
2396 3299 2795 3381 religionis,
2857 3295 3015 3359 fidei

784 3407 1260 3489 orthodoxae,
1297 3426 1525 3474 verae
1549 3411 1885 3474 culturae
1916 3419 1993 3473 et
2026 3411 2432 3473 animarum
2490 3407 2839 3491 pernicie.
2893 3407 3013 3469 Re-

778 3515 975 3598 jecto
1011 3517 1202 3581 enim
1228 3516 1516 3599 Ignatio
1548 3519 1712 3584 viro
1771 3519 2230 3583 sanctissimo
2268 3524 2486 3599 atque
2520 3517 2843 3597 legitimo
2893 3515 3013 3575 Pa-

786 3622 1130 3704 triarcha,
1170 3624 1289 3688 hic
1337 3624 1549 3689 homo
1600 3623 1919 3690 exitialis
1954 3637 2252 3689 aeterno
2288 3627 2631 3707 stigmate
2681 3623 3015 3685 damuan-

789 3730 920 3795 dus
948 3731 1175 3795 semel
1207 3736 1282 3795 et
1312 3732 1572 3795 iterum
1605 3732 1681 3796 in
1714 3732 2160 3815 Episcopatu
2220 3729 3015 3811 Constantinopolitano

786 3841 1108 3907 intrusus
1144 3848 1256 3906 est
1287 3846 1362 3907 et
1410 3843 1830 3908 innumeras
1888 3840 2202 3909 Orientis
2252 3849 2506 3925 gentes
2568 3859 2610 3903 a
2663 3835 3017 3903 Cathedra

789 3948 987 4014 Petri
1015 3959 1089 4014 et
1122 3951 1420 4016 unitatis
1456 3958 1707 4017 centro
1742 3953 2116 4034 disjunxit.

935 4142 1016 4207 (1)
1087 4142 1376 4210 Integrsm
1403 4145 1551 4198 hanc
1579 4146 1970 4206 collectionem
2020 4161 2146 4197 cum
2198 4147 2432 4199 scholiis
2458 4145 2731 4197 zonarae.
2761 4149 2817 4195 et
2839 4143 3017 4195 Balsa-

791 4215 978 4340 glgnis
1009 4215 1305 4298 hominnm
1332 4216 1827 4278 schismaticorum
1876 4217 2068 4287 Oxinii
2118 4219 2296 4271 edidit
2322 4233 2472 4269 anno
2505 4221 2639 4269 1672
2689 4215 3017 4269 Guillelmus

876 4300 1157 4353 veregms.
1831 4301 1838 4307 ·
