3332 5100
1300 343 1616 404 ...73-

508 487 913 556 LXXVIII.
1007 488 1095 555 In
1140 494 1645 572 argumentum
1693 487 1889 555 trahi
1942 493 2336 573 nequeunt,
2397 505 2585 574 quae

326 601 638 682 propter
670 597 1188 662 necessitatem
1215 595 1606 680 aliquando
1642 600 1812 661 sunt
1848 613 2224 662 concessa.

506 705 843 770 LXXIX.
939 705 1164 771 Nemo
1234 709 1474 786 potest
1552 705 1716 788 plus
1786 704 1970 786 juris
2032 705 2434 771 transferre
2508 705 2586 770 in

326 813 585 895 alium,
625 831 842 896 quam
877 813 1015 878 sibi
1049 818 1463 896 competere
1492 812 1985 894 dignoscatur.

509 921 807 987 LXXX.
904 921 989 986 In
1022 926 1173 986 toto
1208 925 1492 1004 partem
1527 939 1673 986 non
1708 926 1820 988 est
1855 920 2148 986 dubium
2197 918 2578 985 contineri.

510 1029 844 1095 LXXXI.
940 1028 1025 1094 In
1079 1029 1410 1112 generali
1467 1028 1941 1094 concessione
1976 1047 2122 1094 non
2156 1027 2461 1094 veniunt
2495 1046 2585 1093 ea

325 1154 522 1222 quae
579 1137 738 1221 quis
785 1155 932 1203 non
994 1140 1188 1204 esset
1252 1137 1762 1204 verisimiliter
1848 1137 1923 1202 in
1977 1139 2224 1222 specie
2291 1153 2583 1202 conces-

324 1262 570 1310 surus.

511 1350 883 1416 LXXXII.
981 1349 1118 1432 Qui
1153 1354 1409 1416 contra
1436 1351 1607 1434 jura
1641 1355 2034 1435 mercatur,
2071 1352 2337 1418 bonam
2371 1352 2586 1419 fidem

323 1458 826 1542 praesumitur
845 1476 1007 1534 non
1040 1458 1340 1522 habere.

510 1564 918 1630 LXXXIII.
1016 1564 1219 1630 Bona
1252 1565 1429 1630 fides
1487 1584 1633 1631 non
1681 1567 1959 1649 patitur
2011 1570 2088 1632 ut
2141 1566 2367 1632 semel
2419 1584 2585 1632 exa-

326 1676 530 1738 ctum
563 1673 825 1737 iterum
856 1672 1220 1756 exigatur.

511 1778 911 1844 LXXXIV.
1010 1777 1187 1845 Cum
1244 1780 1415 1863 quid
1472 1799 1618 1846 una
1663 1781 1828 1849 vice
1862 1781 2286 1865 prohibetur
2341 1781 2585 1866 alicui,

239 1880 245 1889 '
326 1885 430 1950 ad
459 1885 534 1950 id
566 1886 715 1950 alia
747 1903 893 1950 non
925 1885 1143 1951 debet
1176 1886 1483 1952 admitti.

510 1993 875 2058 LXXXV.
974 1991 1409 2060 Contractus
1444 2013 1538 2060 ex
1592 1997 2079 2062 conventione
2126 1998 2363 2080 legem
2396 1998 2585 2063 acci-

325 2118 512 2184 pere
540 2100 1087 2182 dignoscuntur.

510 2207 910 2274 LXXXVI.
1008 2208 1369 2275 Damnum
1426 2212 1621 2296 quod
1680 2213 1838 2296 quis
1894 2231 2026 2277 sua
2070 2214 2288 2297 culpa
2335 2213 2580 2298 sentit,

324 2313 474 2379 sibi
507 2315 731 2397 debit,
767 2333 913 2380 non
948 2316 1111 2380 aliis
1145 2316 1528 2400 imputare.

514 2422 951 2488 LXXXVII.
1050 2423 1451 2490 Infamibus
1483 2430 1742 2509 portae
1789 2445 1934 2493 non
1992 2430 2302 2511 pateant
2355 2427 2584 2510 digni-

329 2532 591 2598 tatum.
796 2571 798 2574 .
1584 2536 1588 2538 ’

514 2639 986 2706 LXXXVIII.
1084 2637 1375 2705 Certum
1425 2643 1557 2720 est,
1597 2639 1788 2724 quod
1836 2641 1897 2706 is
1958 2641 2310 2706 commitit
2359 2642 2433 2707 in
2486 2642 2585 2708 le-

326 2764 528 2830 gem,
563 2748 685 2829 qui
716 2748 901 2829 legis
936 2747 1167 2812 verba
1203 2748 1722 2831 complectenS,
1775 2752 2032 2812 contra
2085 2746 2272 2830 legis
2328 2747 2587 2814 nititur

327 2855 818 2922 voluntatem.

515 3050 624 3115 63.
720 3051 1043 3134 Regulae
1078 3054 1497 3120 doctrinales
1531 3070 1662 3135 pro
1713 3056 1918 3118 recta
1975 3051 2582 3135 interpretatione

322 3156 917 3239 jurisperitorum
944 3177 1171 3242 opera
1197 3165 1271 3224 et
1294 3159 1531 3223 studio
1560 3158 2069 3240 concinnatae,
2101 3158 2582 3242 perspicuita-

330 3264 430 3328 tis
464 3263 730 3347 gratia,
769 3265 862 3329 ad
910 3266 1229 3350 quinque
1275 3284 1551 3349 genera
1606 3266 1945 3331 revocari
2003 3273 2330 3349 possunt:
2394 3266 2585 3330 aliae

331 3374 507 3435 sunt
533 3374 915 3458 yenerales;
946 3374 1137 3439 aliae
1176 3391 1356 3456 prae
1389 3374 1614 3438 oculis
1641 3373 2024 3439 habendae
2049 3379 2241 3456 sunt,
2303 3373 2584 3456 quoties

333 3484 601 3561 agatur
636 3479 725 3545 de
756 3481 1363 3565 interpretatione
1400 3483 1519 3548 vel
1554 3484 2006 3564 declarativa,
2043 3483 2166 3547 Vel
2204 3481 2581 3560 coetensiva,

332 3587 461 3652 vel
491 3588 915 3672 restrictiva,·
950 3590 1140 3664 aliae
1176 3590 1462 3657 demum
1497 3592 1784 3660 servari
1819 3591 2086 3655 debent
2133 3589 2208 3654 in
2268 3589 2584 3674 conflictu

333 3695 560 3780 lequm
595 3695 717 3776 (1).
1841 3677 1847 3682 ⁵

514 3801 725 3881 Inter·
744 3804 989 3881 varios
1016 3809 1353 3871 auctores
1386 3804 1509 3888 qui
1541 3805 1684 3869 hac
1719 3805 1806 3869 de
1841 3820 1921 3869 re
1957 3802 2368 3869 summatim
2423 3819 2584 3884 per-

480 4071 562 4139 (1)
633 4074 719 4125 De
739 4069 978 4141 Regulis
1005 4072 1417 4127 doctrinalibus
1446 4088 1618 4127 cons:
1645 4070 2167 4139 Schmalzgrueber,
2190 4069 2300 4126 Jus
2320 4069 2588 4127 Ecclesia-

334 4141 548 4203 sticum,
575 4142 668 4196 lib.
699 4144 744 4210 I,
760 4146 847 4197 tit.
876 4150 924 4209 23
955 4144 1178 4210 Sum-ez,
1204 4144 1268 4198 de
1292 4142 1544 4213 Leqibue,
1586 4145 1685 4200 lib.
1731 4144 1831 4208 VI;
1880 4144 2160 4212 Maschat‚
2203 4141 2590 4199 Institutione

334 4212 500 4267 Juris
522 4214 782 4282 canonici,
809 4215 904 4271 lib.
932 4216 977 4284 1,
1002 4221 1087 4270 tit.
1110 4221 1159 4281 23
1184 4216 1565 4285 Brabandere,
1590 4213 1997 4287 Praenotiones,
2017 4221 2121 4270 art.
2149 4216 2250 4281 V1;
2281 4217 2585 4285 Zallinger,

338 4282 776 4357 Institutionum,
802 4287 899 4342 lib.
926 4288 971 4357 Ι,
997 4288 1084 4342 tit.
1113 4292 1162 4344 2.
