3332 5100
1269 299 1625 361 -351—

315 452 437 507 net
463 463 504 504 a
533 445 814 517 iustitia,
849 460 975 503 nec
1007 444 1274 503 modum
1305 445 1374 504 in
1404 444 1799 518 imperando
1831 444 2191 503 transiliat:
2236 444 2549 505 obedien-

317 528 420 586 tia
451 527 704 586 civium
759 526 965 584 habet
993 526 1413 585 honestatem
1465 526 2002 599 dignitatemque
2034 526 2373 599 comitem,
2406 528 2567 601 quia

317 624 456 668 non
507 613 610 667 est
637 606 924 665 hominis
956 606 1043 664 ad
1073 606 1407 665 hominem
1439 606 1754 678 servitus,
1792 605 1911 663 sed
1942 606 2429 680 obtemperatio
2456 624 2568 666 vo-

318 688 571 749 luntati
601 686 748 759 Dei,
778 703 1064 762 regnum
1095 702 1214 760 per
1245 687 1546 745 homines
1578 686 1986 744 exercentis,
2018 685 2159 759 Quo
2186 688 2455 760 cognito
2487 704 2568 746 ac

318 784 670 844 persuasu,
703 768 970 826 omnino
1016 767 1104 825 ad
1154 767 1478 825 iustitiam
1525 767 1866 841 pertinere
1908 766 2025 825 illa
2073 766 2566 841 intelliguntur,

315 849 550 908 vereri
583 848 1005 907 maiestatem
1030 846 1432 921 principum,
1470 848 1745 906 subesse
1770 852 2156 905 constanter
2188 854 2255 905 et
2276 849 2569 907 fideliter

318 930 645 1005 potestati
677 928 1014 1004 publicae,
1059 928 1224 986 nihil
1273 928 1589 986 seditiose
1637 928 1893 1000 facere,
1943 934 2249 986 sanctam
2292 944 2582 994 servare

321 1009 760 1083 disciplinam
809 1006 1542 1067 civitatis.—-Similiter
1589 1008 1861 1082 ponitur
1890 1008 1959 1066 in
1982 1008 2223 1066 officiis
2274 1009 2571 1068 charitas

320 1096 582 1163 mutua,
610 1088 1024 1163 benignitas,
1057 1088 1456 1148 liberalitas:
1491 1104 1624 1147 non
1656 1088 2055 1147 distrahitur
2087 1088 2156 1146 in
2189 1090 2569 1149 contrarias

319 1177 576 1246 putee,
608 1169 1071 1244 pugnantibus
1098 1170 1274 1227 inter
1303 1186 1376 1229 se
1408 1169 1814 1243 praeceptis,
1844 1169 2023 1227 civis
2055 1169 2235 1227 idem
2267 1177 2334 1228 et
2357 1169 2567 1228 chris-

325 1252 583 1310 tianus:
618 1250 911 1323 denique
947 1250 1362 1323 amplissima
1390 1250 1590 1322 bona,
1627 1249 1872 1323 quibus
1903 1250 2254 1307 mortalem
2306 1266 2572 1325 quoque

323 1332 672 1391 hominum
723 1332 936 1388 vitam
969 1330 1339 1387 christiana
1387 1330 1626 1405 religio
1658 1346 1783 1390 sua
1833 1336 2067 1403 sponte
2100 1330 2350 1404 explet,
2398 1347 2571 1389 com-

317 1411 638 1471 munitati
653 1410 1098 1484 societatique
1119 1410 1307 1468 civili
1339 1410 1561 1468 omnia
1588 1416 2027 1483 quaeruntur:
2054 1401 2147 1468 ita
2173 1418 2246 1469 ut
2270 1411 2437 1470 illud
2461 1427 2572 1483 ap-

321 1499 568 1568 pareat
596 1491 950 1549 verissime
984 1490 1260 1563 dictum,
1293 1491 1579 1564 “pendet
1609 1508 1648 1548 a
1679 1490 2045 1565 religione„
2066 1506 2197 1563 qua
2255 1491 2437 1550 Deus
2468 1507 2573 1549 co-

327 1573 552 1646 „litur,
589 1572 691 1629 rei
741 1572 1057 1645 publicae
1109 1576 1344 1629 status:
1399 1572 1745 1644 multaque
1802 1570 1979 1628 inter
2032 1571 2210 1630 hunc
2265 1579 2331 1629 et
2388 1572 2574 1630 illam

325 1652 682 1727 „cognatio
716 1658 782 1710 et
835 1651 1264 1709 familiaritas
1297 1650 1721 1722 intercedit.„
1760 1650 1849 1731 (1)
1904 1650 2149 1709 Eorum
2205 1652 2343 1710 vim
2371 1652 2571 1711 bono·
2660 1716 2667 1723 ,

318 1750 475 1793 rum
507 1732 934 1803 mirabiliter,
967 1732 1066 1791 uti
1123 1732 1315 1804 solet,
1353 1739 1747 1806 persecutus
1792 1737 1894 1789 est
1922 1731 2339 1804 Augustinus
2370 1732 2573 1807 pluri-

318 1816 457 1873 bus
486 1813 675 1883 locis,
713 1812 1006 1871 maxime
1038 1828 1198 1871 vero
1222 1812 1335 1870 ubi
1363 1812 1697 1871 Eclesiam
1731 1812 2136 1869 catholicam
2162 1813 2463 1886 appellat
2491 1812 2576 1871 iis

320 1894 581 1954 verbis:
621 1893 760 1951 “Tu
790 1892 1140 1967 pueriliter
1172 1908 1435 1967 pueros,
1460 1893 1727 1950 fortiter
1758 1892 2059 1966 iuvenes,
2096 1893 2320 1966 quiete
2352 1908 2571 1966 senes,

328 1981 571 2050 „prout
602 1975 926 2046 cuiusque
958 1989 1090 2031 non
1116 1975 1417 2046 corporis
1448 1979 1731 2044 tantum,
1762 1973 1881 2031 sed
1912 1979 1978 2031 et
2003 1972 2209 2031 animi
2234 1979 2421 2031 aetas
2449 1981 2571 2046 est,

333 2070 659 2129 „exerces
690 2070 771 2113 ac
799 2054 1025 2111 doces
1058 2053 1162 2111 Tu
1183 2053 1471 2113 feminas
1496 2054 1663 2111 viris
1697 2052 1833 2111 suis
1866 2068 2001 2112 non
2025 2053 2113 2110 ad
2169 2054 2577 2128 explendam

327 2135 740 2210 „libidinem,
767 2134 889 2194 sed
918 2134 1007 2192 ad
1032 2134 1540 2209 propagandam
1568 2135 1850 2209 prolem,
1882 2140 1950 2191 et
1972 2135 2059 2191 ad
2088 2134 2189 2192 rei
2216 2134 2573 2193 familiaris

329 2216 786 2291 „societatem,
815 2220 1003 2273 casta
1036 2221 1103 2272 et
1123 2214 1308 2273 fideli
1338 2215 1725 2273 obedientia
1758 2214 2057 2273 subiicis.
2086 2214 2192 2273 Tu
2218 2216 2400 2274 viros
2425 2231 2576 2274 con-

334 2297 673 2371 „iugibus‚
702 2312 837 2354 non
876 2295 962 2352 ad
993 2294 1411 2353 illudendum
1439 2295 1952 2353 imbecilliorem
1984 2311 2241 2368 sexum,
2272 2299 2391 2354 sed
2443 2296 2571 2354 sin-

331 2378 513 2451 „ceri
558 2377 804 2435 amoris
862 2376 1128 2450 legibus
1182 2376 1516 2449 praeficis.
1563 2375 1666 2433 Tu
1710 2375 2107 2449 parentibus
2144 2376 2316 2433 filios
2356 2376 2573 2434 libera

329 2458 661 2532 „quadam
687 2456 1011 2515 servitute
1044 2455 1419 2531 subiungiS,
1440 2462 1758 2530 parentes
1788 2455 1944 2513 filiis
1976 2456 2086 2529 pia
2112 2456 2567 2515 dominatione

330 2538 808 2614 „praeponis...
846 2536 949 2595 Tu
973 2537 1160 2595 cives
1209 2537 1493 2609 civibUS,
1524 2543 1596 2595 tu
1627 2543 1866 2610 gentes
1912 2536 2255 2612 gentibue,
2296 2544 2363 2596 et
2395 2552 2577 2611 pror-

330 2636 484 2692 „sus
514 2620 815 2678 homines
851 2618 1218 2692 primorum
1272 2624 1624 2691 parentum
1657 2617 2155 2688 recordatione;
2188 2633 2320 2675 non
2369 2617 2579 2676 socie-

331 2706 511 2773 „tate
543 2706 825 2772 tantum,
862 2699 982 2756 sed
1013 2699 1307 2772 quadam
1331 2699 1533 2756 etiam
1558 2697 1987 2756 fraternitate
2020 2698 2397 2772 coniungis
2452 2698 2579 2757 Do·

334 2796 488 2854 „ces
532 2795 731 2853 reges
782 2779 1173 2852 prospicere
1227 2779 1511 2852 populis,
1548 2793 1777 2836 mones
1824 2779 2105 2852 populos
2159 2794 2229 2836 se
2289 2780 2579 2837 subdere

337 2860 672 2935 „regibus
736 2858 992 2932 Quibus
1042 2859 1254 2916 honor
1298 2859 1647 2930 debeatur,
1684 2858 1927 2932 quibus
1972 2858 2287 2932 affectUS,
2336 2860 2580 2932 quibus

336 2940 783 3014 „reverentia,
818 2940 1062 3014 quibus
1094 2940 1313 3011 timor,
1347 2940 1592 3013 quibus
1642 2939 2036 3011 consolati0,
2070 2939 2314 3012 quibus
2356 2940 2579 2996 admo·

335 3021 562 3094 „niti0,
601 3020 845 3094 quibus
875 3020 1270 3093 cohortatio,
1303 3019 1547 3093 quibus
1579 3019 1960 3092 disciplina,
1998 3019 2241 3092 quibus
2266 3020 2576 3093 obiurga-

333 3102 484 3175 „tio,
546 3101 790 3175 quibus
832 3099 1257 3174 supplicium,
1293 3101 1525 3158 sedulo
1578 3101 1801 3171 doceS,
1859 3100 2218 3158 ostendens
2266 3099 2581 3173 quemad-

332 3181 640 3257 „modum
672 3189 740 3239 et
762 3196 894 3239 non
939 3182 1245 3238 omnibus
1273 3181 1518 3251 omnia,
1553 3187 1620 3238 et
1651 3181 1978 3243 omnibus.
1993 3180 2290 3238 charitas
2322 3188 2387 3238 et
2412 3180 2581 3238 nulli

332 3263 703 3337 „debeatur
735 3261 1047 3332 iniuria.„
1089 3259 1179 3339 (2)
1205 3260 1530 3335 Idemque
1562 3261 1695 3319 alio
1727 3262 1872 3318 loco
1906 3262 2079 3319 male
2109 3260 2449 3334 sapientes
2479 3276 2581 3318 re-

327 3342 758 3418 prehendens
813 3341 1122 3415 politicos
1177 3341 1628 3415 philosophos:
1691 3340 1855 3414 “Qui
1914 3341 2292 3405 doctrinam
2336 3339 2582 3400 Christi

333 3423 730 3498 „adversam
782 3422 1017 3479 dicunt
1069 3438 1216 3480 esse
1251 3422 1694 3495 reipublicae,
1751 3423 1911 3479 dent
1942 3422 2319 3480 exercitum
2349 3423 2575 3495 talem,
2609 3462 2612 3466 -

334 3504 608 3578 „quales
639 3502 948 3560 doctrina
967 3499 1214 3560 Christi
1236 3518 1383 3559 esse
1408 3502 1654 3559 milites
1674 3503 1898 3576 jussit,
1924 3503 2083 3560 dent
2114 3503 2283 3560 tales
2315 3502 2579 3576 provin-

336 3585 608 3657 „ciales,
644 3582 1136 3657 tales-maritOS,
1165 3583 1336 3640 tales
1359 3583 1705 3656 coniugeS,
1738 3583 1909 3639 tales
1939 3591 2278 3654 parenteS,
2316 3582 2485 3639 tales
2511 3582 2580 3638 fi-

333 3665 521 3738 „lios,
554 3663 726 3722 tales
763 3663 1087 3734 dominos,
1122 3663 1291 3720 tales
1341 3677 1596 3729 servos,
1645 3662 1817 3732 tales
1842 3677 2062 3736 reges,
2097 3662 2269 3720 tales
2296 3662 2581 3738 iudiceS,

335 3745 546 3817 „tales
570 3743 861 3817 denique
885 3743 1264 3801 debitorum
1281 3742 1491 3816 ipsius
1522 3742 1670 3801 fisci
1692 3739 2069 3799 redditores
2094 3749 2161 3799 et
2189 3747 2577 3815 exactores,

336 3825 612 3900 „quales
641 3840 788 3882 esse
821 3823 1154 3897 praecipit
1208 3822 1516 3881 doctrina
1548 3822 1942 3893 christiana,
2000 3828 2066 3879 et
2098 3822 2399 3880 audeant
2432 3837 2581 3880 eam

333 3905 602 3981 „dicere
629 3905 987 3963 adversam
1018 3919 1164 3964 esse
1191 3902 1636 3978 reipublicae,
1670 3903 1869 3961 immo
1894 3918 2055 3961 vero
2100 3917 2234 3962 non
2270 3902 2583 3962 dubitent

620 4009 757 4018 ——-

476 4081 557 4151 (1)
631 4081 780 4136 Sacr.
820 4083 966 4148 Imp.
993 4081 1067 4135 ad
1117 4080 1386 4148 Cyrillum
1436 4080 1719 4134 Alexand.
1771 4085 1829 4134 et
1874 4083 2191 4149 Episcopos
2254 4085 2565 4150 metrop.—

339 4154 456 4210 Cfr.
498 4153 790 4208 Labbeum
830 4152 1062 4207 Collect.
1090 4151 1262 4207 Cone.
1293 4154 1352 4206 Τ.
1394 4153 1495 4207 III.

494 4227 571 4294 (2)
643 4227 736 4281 De'
753 4224 1010 4280 moribus
1035 4225 1184 4279 Eccl.
1213 4225 1381 4293 cath„
1401 4241 1521 4293 cap.
1540 4224 1735 4292 XXX,
1759 4239 1816 4280 n.
1846 4228 1927 4279 63.
