3332 5100
1325 332 1645 395 ...47-

362 476 640 543 duabus
665 474 963 541 Litteris
995 477 1371 562 Postquam
1392 480 1589 545 nobis
1614 483 1686 543 et
1710 477 1820 545 Ea
1847 487 1947 545 est
1973 480 2054 544 de
2078 486 2192 546 tuo
2221 479 2334 562 (15
2352 462 2608 562 janua·

360 584 450 648 rii
476 584 705 666 1763);
732 583 1181 650 Lodovicum
1213 584 1373 668 XV,
1406 583 1813 651 Galliarum
1839 604 2112 670 regem,
2142 586 2614 670 reprehendit

364 690 527 755 aliis
561 690 839 755 duabus
865 688 1187 773 Litteris,
1228 709 1415 774 quae
1462 692 1820 775 incipiunt
1875 684 2244 757 Pateretm·
2292 696 2364 756 et
2393 691 2613 767 Quam

361 799 670 885 yraviter
714 797 827 879 (25
854 798 1041 881 junii
1077 798 1301 881 1766);
1360 798 1672 882 denique
1728 798 2082 863 adversus
2134 800 2390 864 ducem
2442 799 2611 865 Par-

366 923 683 971 mensem
728 904 1012 971 Bullam
1042 904 1245 972 Alias
1279 907 1375 972 ad
1408 908 1838 992 apostolatus
1881 907 1996 989 (10
2019 907 2175 988 Jan.
2216 906 2416 986 1768)
2450 923 2612 989 pro·

366 1013 747 1095 mulgavit:
779 1014 1074 1079 saeculo
1109 1013 1287 1079 XIX
1317 1014 1485 1079 Pius
1518 1014 1623 1079 IX
1650 1012 2298 1080 Constitutionibus
2326 1011 2612 1101 Aposto-

368 1122 543 1186 licae
575 1120 777 1187 Sedis
811 1120 923 1203 (22
958 1138 1125 1204 aug.
1159 1120 1359 1205 1851)
1394 1126 1468 1187 et
1514 1122 1735 1187 Probe
1789 1124 2006 1188 nostis
2062 1122 2130 1204 (9
2184 1122 2353 1187 mai.
2418 1118 2615 1205 1853)

365 1227 1371 1311 inviolabiliaPrimatusjura
1391 1229 1653 1295 iterum
1682 1228 2112 1311 vindicavit3
2131 1247 2221 1294 ac
2236 1227 2386 1294 Leo
2407 1227 2610 1311 XIII,

368 1353 509 1418 quo
546 1335 819 1417 sospite
864 1336 1193 1416 fruimur,
1230 1336 1870 1419 independentiam
1918 1336 2302 1419 potestatis
2332 1335 2614 1419 pontifi·

369 1444 530 1508 ciae
565 1448 637 1507 et
663 1443 985 1509 divinam
1018 1444 1399 1509 Ecclesiae
1435 1445 2027 1510 constitutionem
2061 1445 2362 1510 mirifice
2397 1461 2616 1526 expo-

370 1552 519 1615 suit
550 1550 623 1614 in
656 1550 1055 1632 Encyclica
1089 1569 1458 1635 nunquam
1504 1554 1684 1617 satis
1721 1552 2022 1617 laudata
2054 1553 2456 1620 Immortale
2479 1554 2618 1619 Dei

371 1660 438 1741 (1
477 1676 647 1723 nov.
686 1658 911 1737 1885).

548 1764 659 1830 44.
756 1765 1163 1849 Disciplina
1174 1788 1311 1851 per
1335 1767 1655 1833 accidens
1678 1784 1838 1832 cum
1863 1767 2201 1850 dogmate
2226 1767 2389 1848 conj
2400 1772 2618 1832 uncta

368 1873 503 1939 illa
539 1878 847 1938 vocatur
880 1891 1068 1957 quae
1118 1875 1213 1939 ad
1260 1875 1748 1957 profitendum
1805 1873 2068 1957 dogma
2105 1873 2226 1938 vel
2274 1873 2618 1939 damnan-

370 1980 541 2045 dam
566 1979 926 2044 haeresim
982 1985 1257 2045 statuta
1293 1985 1427 2064 est,
1466 1982 1622 2046 sine
1658 1999 1802 2063 qua
1864 1984 2108 2045 tamen
2165 1981 2442 2045 veritas
2500 1978 2618 2044 do-

368 2087 692 2170 gmatica
728 2088 1126 2153 consistere
1164 2093 1235 2153 et
1291 2090 1621 2154 confiteri
1664 2093 1931 2172 potest,
1993 2094 2065 2154 et
2117 2089 2279 2154 ideo
2337 2092 2622 2153 tantum

357 2216 500 2279 per
531 2195 850 2261 accidens
889 2196 1150 2261 dicitur
1199 2197 1537 2279 dogmate
1598 2214 1954 2263 connexa.
2009 2196 2377 2277 Eiusmodi
2412 2195 2620 2261 discip

370 2301 577 2385 plina
602 2302 817 2383 juxta
863 2321 1107 2367 rerum
1140 2308 1213 2367 et
1248 2309 1651 2387 temporum
1713 2304 2059 2388 adjuncta
2091 2306 2196 2369 ita
2254 2304 2621 2368 mutabilis

370 2410 501 2475 vel
533 2410 999 2474 immutabilis
1031 2411 1377 2475 devenire
1406 2416 1670 2495 potest,
1733 2416 1810 2477 ut
1857 2414 2012 2495 ejus
2071 2411 2451 2494 abrogatio
2502 2412 2624 2475 vel

373 2518 840 2584 conservatio
875 2519 967 2582 ab
1000 2519 1535 2585 haereticorum
1570 2520 1834 2603 agendi
1881 2536 2107 2602 more,
2167 2520 2304 2584 hoc
2336 2523 2471 2604 est,
2530 2518 2624 2584 ab

374 2626 796 2691 eorumdem
850 2627 1253 2710 protervia,
1303 2627 1467 2691 dolo
1524 2632 1746 2710 atque
1796 2627 2054 2692 fraude
2111 2628 2398 2692 omnino
2451 2644 2623 2709 pen-

376 2733 577 2820 deat3
610 2733 897 2816 quando
933 2735 1127 2799 enim
1160 2735 1511 2800 haeretici
1545 2735 1800 2800 eadem
1835 2734 2035 2799 abuti
2084 2740 2441 2799 conantur
2488 2752 2623 2817 pro

374 2841 529 2905 suis
562 2841 927 2905 erroribus
964 2847 1183 2924 atque
1218 2842 1641 2907 commentis
1691 2843 1980 2906 facilius
2037 2841 2495 2907 vindicandis
2555 2846 2626 2906 et

377 2947 835 3030 spargendiS,
876 2949 967 3012 ab
1002 2948 1334 3013 Ecclesia
1366 2949 1763 3033 derogatur
1801 2953 1876 3015 et
1921 2951 2288 3016 variabilis
2348 2948 2621 3030 evadit3

380 3054 671 3137 quando
706 3071 884 3119 vero
908 3055 1250 3120 scelerati
1287 3056 1612 3120 homines
1650 3059 1724 3120 et
1775 3057 1943 3120 falsi
1971 3056 2328 3139 dogmatis
2364 3073 2625 3138 propa-

380 3164 677 3244 gatores
702 3179 864 3226 eam
902 3162 1321 3227 convellere
1352 3162 1493 3227 nisi
1548 3167 1738 3246 sunt,
1779 3167 1878 3246 ut,
1939 3163 2166 3227 semel
2223 3163 2500 3228 abolita
2554 3166 2627 3227 et

379 3270 786 3345 immutata,
824 3269 1105 3333 veritas
1138 3270 1304 3334 fidei
1340 3271 1770 3336 obscuretur
1829 3275 1902 3335 et
1937 3270 2270 3335 doctrina
2319 3287 2630 3334 erronea

384 3382 513 3440 aut
536 3375 1000 3442 haereticalis
1037 3377 1267 3459 magis
1302 3377 1651 3459 firmetur,
1692 3382 1862 3441 tunc
1895 3378 2229 3442 Ecclesia
2282 3377 2474 3442 hanc
2528 3377 2626 3441 di-

384 3483 772 3564 sciplinam
808 3483 1362 3548 accidentaliter
1398 3484 1760 3548 catholico
1812 3484 2132 3567 dogmati
2183 3483 2625 3567 copulatam,

383 3589 675 3654 fortiter
710 3594 929 3672 atque
986 3590 1263 3656 invicto
1321 3591 1563 3654 animo
1620 3597 1879 3656 contra
1931 3591 2252 3655 nefarios
2309 3588 2628 3654 inimico-

384 3713 545 3760 rum
575 3712 795 3760 ausus
822 3713 1110 3779 semper
1135 3700 1465 3780 servavit,
1500 3698 1981 3782 praescripsit
2037 3703 2255 3781 atque
2289 3715 2630 3780 suprema

386 3821 521 3867 sua
550 3804 989 3868 auctoritate
1024 3806 1361 3870 munivit.
1388 3806 1488 3872 Ut
1515 3811 1897 3888 utrumque
1926 3823 2174 3870 casum
2201 3805 2630 3887 opportunis

393 3910 749 3993 exemplis
782 3911 1269 3994 enucleemuS‚
1301 3911 1878 3977 ecclesiastica-m
1910 3911 2288 3976 historiam
2337 3911 2629 3978 evolve-

388 4035 472 4082 re
505 4017 799 4083 sufficit.

537 4124 823 4206 ‘Quoad
848 4127 1181 4211 primum,
1221 4145 1483 4210 nempe
1540 4127 2018 4191 mutationem
2051 4124 2481 4208 disciplinae
2496 4146 2633 4212 per

384 4237 709 4304 accidens
726 4235 1049 4318 dogmati
1074 4236 1408 4301 adnexae
1426 4239 1730 4319 propter
1749 4234 2288 4300 haereticorum
2307 4234 2632 4316 abusum,
