3332 5100
793 344 914 389 VIII

714 480 973 554 etiam
1009 502 1229 556 nunc
1281 483 1596 558 exortis
1655 483 1921 559 libere
1981 487 2505 583 propugnari
2565 497 2945 585 possunt,

711 620 944 695 haud
974 624 1589 719 praetermissis
1624 625 2147 702 documentis
2181 637 2263 703 et
2296 630 2773 704 rationibus
2800 654 2953 728 pro

719 763 1079 859 singulis
1132 766 1464 839 tuendis
1505 767 1646 867 vel
1714 744 2247 845 confutandis
2315 772 2627 847 allatis.
2702 741 2955 848 Hisce

715 882 1088 982 oralibus
1120 908 1833 1005 explicationibus
1876 926 2007 989 me
2042 914 2315 989 officio
2377 937 2561 990 meo
2622 918 2951 991 satisfa-

713 1069 930 1141 cere,
969 1070 1071 1130 ac
1112 1050 1608 1148 disciplinae
1641 1024 2099 1129 canonicae
2141 1057 2767 1153 promovendae
2827 1059 2947 1131 in·

714 1192 1109 1295 cumbere
1174 1193 1688 1290 arbitrabar,
1760 1198 1965 1293 quin
2023 1198 2635 1295 praelectiones
2726 1222 2953 1275 meas

713 1334 944 1432 typis
979 1334 1227 1441 edere
1267 1337 1767 1436 cogitarem.

925 1477 1032 1553 Et
1069 1478 1301 1573 sane,
1341 1490 1793 1577 postquam
1835 1490 1959 1557 tot
1998 1483 2341 1581 tamque
2400 1487 2731 1583 egregii
2790 1486 2954 1559 viri

712 1599 944 1699 dere
969 1596 1381 1699 ‘canonica
1413 1624 1729 1722 optime
1761 1624 2067 1721 meriti,
2108 1628 2443 1723 magnis
2495 1629 2952 1702 exantlatis

711 1764 1186 1860 laborib'uS‚
1235 1766 1630 1863 omnique
1688 1766 2373 1863 disquisitionum
2438 1792 2752 1867 genere
2810 1773 2951 1845 ad-

708 1907 1010 2003 hibito,
1051 1910 1536 1983 universum
1568 1908 1621 1984 J
1629 1930 1724 1981 us
1764 1907 2453 1985 Ecclesiasticum
2492 1912 2949 2009 locupleta-

708 2070 800 2123 re
833 2056 917 2124 et
970 2046 1989 2145 illustrare'studuerunt,
2055 2054 2633 2150 singularitas,
2698 2055 2951 2130 immo

709 2211 912 2267 vero
981 2192 1482 2288 arrogantia
1523 2173 1767 2265 'haud
1833 2193 2253 2268 immerito
2308 2195 2753 2296 videbitur
2809 2203 2949 2270 no-

710 2342 911 2408 vum
968 2334 1056 2407 in
1097 2334 1370 2407 lucem
1407 2335 1815 2432 'proferre
1882 2344 2343 2411 tractatum
2390 2339 2634 2413 ’circa
2692 2348 2950 2412 mate·

705 2476 932 2552 ria‘m·
965 2457 1176 2550 ad'eo
1209 2477 1502 2552 tritam
1533 2486 1617 2550 et
1657 2476 1834 2550 fere
1859 2476 2377 2554 'exhaustam
2436 2476 2945 2556 versantem.

923 2618 1232 2695 Fateor
1273 2630 1558 2695 tamen
1621 2603 2013 2696 rationes
2054 2605 2247 2696 non¹
2287 2625 2711 2720 paucioris
2780 2611 2950 2698 mo-

707 2763 970 2836 menti
1013 2763 1220 2837 mihi
1258 2765 1631 2838 adfuisse
1674 2771 1835 2861 pro
1888 2765 2049 2839 hac
2106 2765 2693 2841 lucubratione
2753 2790 2948 2842 exa-

705 2905 1003 3002 randa3
1048 2925 1271 3003 nam,
1311 2929 1500 2982 cum
1541 2908 2307 2984 animadverterem
2346 2931 2454 2984 ex
2486 2910 2657 2984 alia
2706 2919 2950 3007 parte

710 3069 968 3146 opera
999 3049 1228 3123 edita
1260 3050 1398 3123 vel
1420 3049 1910 3145 ingentibus
1937 3061 2325 3125 constare
2352 3051 2942 3143 voluminibuS,

707 3171 1068 3290 ideoque
1100 3192 1359 3291 aegre
1401 3193 1913 3268 consulenda
1966 3196 2477 3292 aegriusque
2529 3215 2737 3292 prae
2782 3216 2949 3268 ma-

705 3337 954 3411 nibus
993 3333 1411 3428 habenda,
1453 3339 1587 3412 vel
1627 3339 1750 3412 ita
1792 3357 1973 3413 esse
2012 3340 2375 3434 concisa,
2444 3349 2535 3412 ut
2568 3341 2657 3412 in
2695 3336 2947 3436 pluri-

703 3481 863 3556 bus
893 3481 1100 3556 loci‘s
1141 3481 1625 3577 deficerent3
1665 3503 1773 3558 ex
1828 3482 2001 3556 alia
2058 3491 2342 3556 autem
2401 3483 2747 3580 propria
2808 3483 2949 3556 ob-

709 3628 1196 3703 servatione
1231 3628 1611 3702 viderem
1648 3626 2056 3724 pleraque
2087 3626 2223 3700 ab·
2256 3627 2744 3702 auctoribus
2804 3647 2953 3700 ex-

707 3771 910 3846 teris
944 3772 1262 3870 scripta
1302 3771 1700 3869 congruis
1781 3770 2381 3845 additamentis
2457 3778 2541 3844 et
2601 3777 2947 3844 annota-

707 3915 1080 3991 tionibus
1111 3915 1220 3989 ad
1250 3914 1307 3991 ‚J
1313 3935 1406 3988 us
1436 3914 1990 4012 Hispanicum
2012 3913 2595 4010 spectantibus
2622 3933 2942 4008 carere,

699 4051 902 4134 'huic
933 4059 1169 4158 operi
1227 4077 1526 4133 manus
1575 4057 2036 4133 'admovere
2092 4057 2364 4155 coepi,
2432 4063 2514 4132 et
2574 4056 2946 4134 INTRO-

697 4181 1361 4282 'DUGTIONEM
1391 4201 1879 4301 generalem
1917 4182 2490 4299 evulgandam
2531 4202 2825 4277 curavi
2862 4201 2951 4276 in
