3332 5100
1272 380 1625 439 -125-

331 524 607 608 scripta
630 526 778 589 tam
800 524 1127 608 justitiae
1145 542 1357 608 quam
1392 524 1675 607 gratiae
1697 525 1978 590 inutilia
2008 527 2276 608 essent,
2311 525 2370 589 si
2406 542 2565 608 pro·

330 630 539 713 priae
555 632 939 713 potestatis
962 630 1229 695 limites
1252 630 1972 713 transgrederentur:
2004 629 2192 695 unde
2215 629 2570 695 natalium

329 740 693 803 restitutio
721 756 853 822 per
887 740 1318 821 rescriptum
1346 737 1706 820 Principis
1740 739 2136 821 impetrata
2201 738 2297 802 ad
2352 738 2569 802 effec-

329 849 445 909 tus
480 849 761 911 tantum
797 846 1051 911 civiles
1082 847 1302 929 valet,
1338 846 1630 911 minime
1665 846 1760 910 ad
1806 846 2050 911 officia
2104 847 2178 911 et
2209 846 2567 911 beneficia

330 954 837 1018 ecclesiastica
869 954 1017 1019 vim
1052 952 1295 1019 habet.

512 1058 896 1142 Rescripta
930 1058 1259 1124 obtinere
1291 1062 1595 1142 possunt
1624 1077 1899 1142 omnes,
1962 1059 2290 1143 exceptis
2346 1060 2571 1146 indiq-

330 1164 466 1250 πίε,
506 1166 665 1231 sive
699 1184 831 1249 pro
858 1184 937 1231 se
960 1166 1121 1232 sive
1157 1184 1288 1249 pro
1321 1167 1466 1232 alia
1504 1184 1852 1249 persona,
1888 1167 2027 1232 hoc
2053 1172 2298 1231 tamen
2322 1166 2568 1232 discri-

329 1272 551 1357 mine,
586 1274 779 1357 quod
809 1275 1171 1358 rescripta
1235 1276 1526 1357 gratiae
1576 1274 1862 1339 utiliter
1898 1274 2378 1360 impetrentur
2439 1292 2572 1357 pro

330 1398 653 1463 persona
679 1382 899 1447 etiam
933 1400 1079 1445 non
1143 1382 1571 1465 mandante,
1624 1382 1771 1446 imo
1807 1382 2094 1464 penitus
2159 1382 2570 1464 ignorante3

330 1489 697 1571 rescripta
732 1506 910 1554 vero
930 1488 1261 1570 justitiae
1294 1488 1505 1553 irrita
1538 1488 1707 1571 sint,
1737 1489 1798 1552 si
1832 1507 1964 1571 pro
2031 1488 2175 1553 alio
2232 1491 2577 1571 petantur

333 1597 615 1681 absque
651 1598 1181 1683 personalitate
1210 1597 1552 1679 juridica,
1592 1615 1782 1679 quae
1826 1597 2104 1662 duobus
2167 1597 2396 1662 modis
2451 1597 2574 1663 ha-

330 1706 491 1769 beri
526 1710 767 1788 potest
792 1706 914 1771 vel
937 1724 1069 1789 per
1097 1706 1421 1788 speciale
1454 1705 1874 1771 mandatum
1903 1705 2308 1787 (hispanice
2322 1705 2574 1789 poder)

333 1814 734 1879 obtinentis
767 1815 1229 1896 rescriptum,
1268 1814 1393 1880 vel
1429 1831 1561 1897 per
1626 1814 1812 1897 legis
1857 1813 2403 1878 concessionem
2453 1815 2579 1877 aut

331 1921 937 2002 recognitionem,
979 1921 1087 1985 sic
1114 1925 1363 2004 patres
1400 1926 1472 1985 et
1520 1926 1797 1986 tutores
1850 1938 2018 1985 suos
2053 1920 2238 1985 filios
2295 1923 2421 1984 aut
2451 1937 2576 2002 pu-

332 2028 557 2111 pillos
591 2028 905 2109 Juridice
937 2032 1528 2112 repraesentant.
1570 2028 1904 2093 Diximus
1939 2046 2212 2111 omnes,
2253 2027 2579 2109 exceptis

330 2137 671 2221 indignit,
694 2136 1053 2219 rescripta
1088 2138 1433 2220 consequi
1461 2154 1699 2220 posse,
1739 2136 1909 2218 quia
1943 2136 2220 2218 indigni
2271 2136 2364 2200 ad
2397 2136 2579 2216 eJus-

332 2241 536 2307 modi
579 2244 892 2308 efectum
964 2248 1399 2326 reputantur
1455 2244 1809 2309 haeretici
1835 2250 1907 2307 et
1943 2243 2575 2325 excommunicati,

334 2351 629 2415 etiamsi
659 2368 807 2415 non
842 2351 987 2415 sint
1016 2351 1325 2433 vitandi;
1358 2350 1829 2434 quamobrem
1853 2351 2218 2415 Romanus
2243 2350 2580 2415 Pontifex

332 2458 409 2523 in
436 2458 743 2523 edendis
773 2458 1151 2541 rescriptis
1177 2460 1371 2541 illos,
1403 2460 1660 2542 quibus
1691 2459 1933 2540 gratia
1964 2462 2090 2523 aut
2116 2458 2581 2541 privilegium

332 2566 775 2650 impertitur,
813 2567 908 2631 ad
940 2569 1304 2633 cautelam
1330 2570 1531 2652 prius
1566 2570 1657 2633 ab
1687 2569 2436 2634 excommunicatione
2462 2569 2582 2632 ab·

334 2675 588 2758 solvit,
624 2694 757 2759 per
790 2693 868 2740 se
903 2677 1162 2759 ipsum,
1203 2677 1265 2742 si
1298 2677 1744 2758 rescriptum
1779 2676 1992 2741 detur
2023 2677 2098 2740 in
2131 2677 2367 2740 forma
2420 2693 2580 2759 gra-

332 2785 567 2876 tiosa,
589 2801 721 2867 per
752 2790 1243 2867 executorem,
1310 2784 1601 2868 quando
1663 2784 1740 2849 in
1794 2785 2032 2849 forma
2086 2783 2585 2850 commissoria

333 2891 603 2957 editur.

525 2999 675 3064 107.
770 2999 1074 3064 Praeter
1101 3001 1360 3066 vitium
1417 3019 1897 3085 personarum
1959 3000 2320 3083 rescripta
2361 2997 2582 3063 etiam

334 3107 917 3192 rationeprecum
949 3108 1160 3173 irrita
1194 3124 1353 3173 esse
1387 3115 1695 3192 possunt
1730 3107 1945 3194 quod,
1986 3108 2277 3192 quidem
2314 3105 2586 3189 duplici

335 3215 413 3279 in
440 3231 619 3280 casu
654 3217 950 3280 evenire
978 3216 1187 3299 solet,
1218 3235 1379 3282 cum
1401 3219 1758 3284 reticetur
1785 3219 2090 3299 veritas,
2120 3233 2307 3300 quae
2333 3213 2583 3279 secun-

340 3320 511 3386 dum
532 3315 793 3386 Curiae
820 3323 1089 3404 stylum
1103 3325 1179 3387 et
1202 3321 1246 3387 J
1250 3324 1397 3388 uris
1424 3325 1720 3406 regulas
1740 3324 2197 3407 exponenda,
2225 3326 2300 3387 et
2317 3323 2436 3388 vel
2450 3322 2582 3386 fal-

340 3445 425 3492 sa
458 3431 650 3510 sunt,
689 3447 876 3512 quae
929 3429 1003 3494 in
1058 3431 1594 3512 supplicatione
1642 3436 2062 3497 narrantur:
2135 3433 2624 3524 compertum·

341 3554 657 3620 namque
677 3536 870 3620 apud
898 3555 1146 3602 omnes
1172 3538 1483 3603 habetur
1498 3539 1874 3621 rescriptis
1889 3539 2080 3602 hanc
2105 3555 2394 3620 semper
2418 3553 2584 3602 con-

342 3644 718 3727 ditionem,
746 3645 918 3709 licet
946 3662 1299 3728 expressa
1330 3663 1475 3710 non
1505 3646 1623 3726 sit,
1654 3645 1918 3728 inesse,
1948 3647 2010 3710 si
2027 3666 2271 3730 preces
2298 3645 2585 3709 veritate

341 3751 679 3832 nitantur,
709 3750 771 3812 si
804 3751 907 3814 ita
942 3758 1059 3814 est.
1097 3749 1309 3816 Unde
1347 3751 1617 3833 duplex
1653 3749 1882 3814 oritur
1916 3750 2173 3814 vitium
2207 3751 2584 3836 subreptio-

310 3856 455 3920 ,πίε
493 3860 713 3938 atque
746 3857 1189 3940 obreptionis,
1230 3857 1319 3922 de
1343 3858 1603 3940 quibus
1638 3859 1798 3922 fuse
1843 3858 2266 3923 moralistae
2331 3860 2581 3938 agunt:

344 3960 439 4024 ad
464 3978 618 4026 rem
646 3966 973 4026 nostram
997 3965 1176 4028 satis
1210 3967 1305 4029 sit
1326 3966 1628 4030 innuere
1661 3966 2147 4051 subreptitium
2207 3964 2349 4029 dici
2405 3964 2589 4029 illud

345 4069 784 4150 rescriptum
815 4071 893 4136 in
924 4089 1064 4158 quo
1101 4070 1470 4136 reticitum
1503 4079 1615 4136 est
1648 4071 1925 4154 aliquid
1986 4072 2404 4137 necessario
2462 4089 2586 4136 ex·

345 4175 783 4260 ponendum,
818 4179 1255 4262 obreptitium
1290 4197 1465 4246 vero
1503 4179 1868 4262 appellari
1902 4179 2093 4264 quod
2126 4179 2390 4245 falsam
2420 4197 2583 4244 nar-

346 4281 707 4347 rationem
754 4285 1099 4350 continet.
