3332 5100
1341 357 1655 466 „214

369 544 671 631 clericis,
708 551 859 616 tum
893 551 1099 616 laicis
1156 550 1243 616 de
1298 552 1515 617 rebus
1574 551 1908 634 juridicis
1959 553 2370 636 agentibus,
2430 556 2620 638 quod

370 654 663 738 quidem
698 657 1025 739 pluribus
1057 657 1421 722 rationum
1458 659 1844 724 momentis
1902 659 2145 724 evinci
2208 665 2470 744 potest.
2540 662 2624 726 In

368 763 625 848 primis
660 765 851 828 enim
882 763 925 828 J
931 764 1043 828 uri
1068 763 1587 830 Ecclesiastico
1613 766 2034 831 incumbere
2060 769 2398 832 tenentur
2427 769 2624 834 cleri-

370 873 459 952 ci,
492 870 651 936 sive
681 872 1115 957 qeneraliter,
1144 873 1304 938 sive
1338 874 1726 958 speciatim,
1757 872 1916 939 sive
1941 875 2438 958 specialissime
2465 894 2623 959 spe-

370 981 685 1042 ctentur:

448 1107 459 1114 ·
557 1085 659 1148 1.0
751 1083 1188 1149 Necessaria
1250 1087 1363 1149 est
1425 1084 1468 1150 J
1477 1086 1623 1150 uris
1675 1084 1906 1152 Sacri
1971 1088 2232 1163 notitia
2296 1089 2624 1156 omnibus

374 1192 695 1275 clericiS,
735 1192 907 1274 quia
942 1192 1296 1273 eJusmodi
1324 1193 1638 1258 studium
1675 1197 1892 1282 atque
1931 1195 2419 1277 cognitionem
2478 1197 2624 1262 ine-

372 1300 826 1365 luctabiliter
859 1300 1233 1382 postulant
1286 1302 1603 1384 scientia,
1632 1308 1881 1383 status,
1911 1301 2373 1368 ministerium
2407 1305 2627 1386 atque

364 1413 850 1492 praeceptum.

557 1513 889 1580 Scientia.
925 1511 1100 1579 Cum
1137 1515 1182 1579 J
1188 1532 1267 1579 us
1302 1518 1375 1580 et
1408 1513 1807 1598 Theologia
1861 1516 2268 1580 arctissimo
2333 1515 2627 1581 vinculo

381 1624 455 1686 et
484 1620 813 1686 mirabili
842 1621 1208 1686 consortio
1253 1640 1481 1704 usque
1516 1621 1610 1686 ad
1644 1624 2016 1687 saeculum
2048 1623 2190 1687 XII
2239 1624 2631 1705 conjuncta

376 1726 677 1812 fuerint,
716 1731 933 1810 atque
968 1726 1187 1792 etiam
1214 1731 1378 1810 post
1412 1727 1603 1792 hanc
1628 1732 1974 1810 aetatem,
2015 1730 2535 1812 segregatione
2557 1729 2632 1793 in

378 1833 634 1900 ordine
670 1834 1069 1902 scientifico
1123 1835 1347 1916 facta,
1390 1853 1552 1900 cum
1590 1836 1828 1900 adhuc
1861 1837 2118 1902 intima
2176 1837 2631 1902 connexione

378 1941 735 2022 ejusmodi
768 1941 1199 2028 discipliuae
1241 1943 1345 2006 ita
1379 1945 1809 2025 copulentur
1840 1948 1920 2008 ut
1953 1943 2154 2008 nullo
2180 1944 2392 2009 modo
2433 1945 2630 2010 dive-

376 2049 460 2113 lli
493 2052 791 2132 queant,
830 2067 923 2113 ne
952 2049 1110 2132 quis
1138 2049 1447 2114 clericus
1478 2052 1750 2132 poterit
1786 2053 2158 2134 perfectus
2207 2070 2370 2118 esse
2432 2053 2632 2117 theo-

377 2155 616 2237 loguS,
657 2154 829 2237 quin
858 2155 1289 2221 canonicam
1322 2154 1701 2220 Ecclesiae
1729 2156 2267 2238 legislationem
2294 2159 2632 2222 distincte

381 2263 803 2342 cognoscat3
872 2267 1264 2344 eapropter
1313 2262 1604 2325 celeber
1663 2262 2050 2345 Pignetelli
2101 2283 2434 2330 asserere
2489 2283 2634 2330 non

382 2369 769 2433 dubitavit:
812 2366 1224 2450 “indignum
1261 2385 1421 2432 6886
1452 2371 1744 2434 nomine
1778 2371 2122 2454 theologi,
2163 2373 2284 2456 qui
2332 2373 2452 2454 jus
2516 2390 2630 2437 ca-

381 2477 721 2542 nonicum
754 2494 900 2540 non
933 2475 1260 2559 perfecte
1298 2478 1696 2562 cognoscit,
1720 2478 1892 2563 quia
1921 2486 2030 2544 est
2063 2499 2236 2563 pars
2272 2480 2632 2565 quaedam

382 2583 851 2666 Theologiae,
884 2588 957 2646 et
991 2582 1283 2665 quidem
1310 2583 1684 2649 excellens
1713 2595 1786 2648 et
1814 2584 2215 2667 practica“;
2253 2591 2326 2649 et
2383 2587 2630 2651 claris·
2711 2669 2716 2673 Ι

382 2691 607 2765 simus
633 2690 938 2755 Bcrardi
1000 2689 1272 2754 subdit:
1336 2689 1761 2774 “theologus
1827 2692 1984 2755 sine
2045 2690 2456 2758 Canonibus
2526 2696 2636 2757 est

378 2800 665 2863 tantum
698 2786 1317 2881 'semi-theologus»,
1357 2802 1429 2863 et
1456 2800 1844 2863 canonista
1870 2799 2026 2864 sine
2086 2799 2484 2883 Theologia
2519 2806 2632 2867 est

385 2902 607 2975 etiam
626 2906 1256 2972 semi-canonista.
1270 2904 1299 2940 ‘⁴
1691 2897 1698 2905 ’

563 3016 827 3083 Status.
867 3012 1191 3079 Clericus
1212 3012 1427 3097 enim,
1460 3014 1586 3095 qui
1610 3031 1928 3080 canones
1958 3018 2040 3081 de
2064 3018 2214 3082 vita
2241 3025 2302 3083 et
2325 3018 2634 3083 honesta-

390 3134 453 3193 te
486 3125 561 3189 in
586 3123 693 3189 III
729 3122 1228 3188 Decreta-lium
1263 3125 1674 3205 contentos,
1711 3126 1783 3186 et
1819 3123 2119 3189 decreta
2162 3126 2243 3190 de
2275 3126 2634 3211 Reforma-

387 3235 568 3301 tione
632 3251 677 3295 a
710 3230 1139 3296 Tridentina
1202 3228 1493 3311 Synodo
1562 3229 1783 3312 edita,
1843 3232 2148 3314 nesciat,
2213 3232 2634 3315 neutiquam

388 3345 725 3407 exactam
752 3342 862 3405 sui
890 3344 1125 3404 status
1174 3338 1545 3404 notionem
1582 3339 1922 3428 attinget,
1991 3358 2227 3423 neque
2291 3340 2636 3404 sanctita-

389 3454 561 3534 tem,
601 3470 788 3536 quae
846 3451 987 3534 ipsi
1029 3450 1379 3521 incumbit
1440 3453 1741 3531 propter
1801 3448 2179 3512 sublimem
2243 3446 2637 3512 sacerdotii

390 3560 513 3625 vel
548 3560 939 3624 clericatus
977 3558 1429 3640 dignitatem,
1458 3574 1779 3639 unquam
1810 3558 2262 3638 assequetur.

571 3668 1066 3751 Ministerium.
1105 3663 1453 3731 Omnibus
1489 3664 1825 3747 equidem
1859 3665 2066 3745 patet
2129 3660 2437 3726 clericos
2471 3661 2628 3724 fun-

390 3774 671 3857 ctiones
730 3773 841 3837 sui
890 3772 1223 3836 altissimi
1286 3770 1606 3835 muneris
1661 3770 1802 3834 rite
1856 3786 2206 3833 exercere
2242 3771 2314 3832 et
2381 3766 2637 3831 Sacra-

391 3886 637 3947 menta
672 3881 889 3961 digne
923 3883 997 3944 et
1020 3879 1391 3944 fructuose
1428 3878 1794 3943 conficere
1838 3894 1926 3941 ac
1967 3876 2382 3941 ministrare
2439 3875 2640 3939 mini-

395 4006 507 4053 me
559 4006 799 4071 posse,
838 3987 976 4053 nisi
1011 3986 1387 4052 Ecclesiae
1431 3987 1633 4069 leges
1673 3986 1784 4049 his
1819 4003 2035 4067 super
2084 3985 2300 4049 rebus
2350 3983 2641 4048 nobilis-

389 4097 611 4181 simiS,
646 4103 866 4181 atque
893 4103 1150 4179 suapte
1177 4098 1443 4159 natura
1478 4094 1659 4185 adeo
1688 4091 2356 4176 praestantissimiS‚
2388 4096 2642 4175 aperte

408 4205 666 4269 sciant.
2540 4259 2549 4263 ,

576 4314 1054 4398 Praeceptum.
1126 4311 1519 4376 Enimvero
1585 4309 1834 4392 plures
1871 4308 2132 4373 adduci
2166 4311 2469 4391 possunt
2500 4310 2638 4372 sta·
