3332 5100
1218 347 1537 405 ...31-

266 510 351 557 no
380 491 595 558 desiit
629 491 1045 574 respublica
1077 491 1579 556 Hebraeorum
1617 490 1775 555 sine
1808 491 1960 556 ulla
2015 492 2494 559 restitutionis

266 617 409 682 spe.
448 598 1075 664 Praemonendum
1108 604 1351 663 tamen
1387 603 1497 665 est
1528 598 1936 664 Ecclesiam
1973 597 2496 682 Apostolorum

264 707 585 789 vestigiis
618 706 1071 770 insistentem
1098 723 1191 770 ex
1218 707 1633 788 praeceptis
1660 709 2280 774 caeremonialibus
2317 725 2496 774 non·
2563 765 2566 770 .

264 813 493 877 nullos
531 806 711 877 ritus
775 811 1191 894 adoptasse,
1250 813 1371 895 qui
1435 804 1684 878 divino
1721 813 1946 877 cultui
1978 813 2142 896 plus
2211 815 2496 882 decoris

266 920 605 1000 afferunt,
636 919 1041 1001 cujusmodi
1088 922 1256 984 sunt
1289 920 1724 1002 templorum
1782 919 2169 1005 dedicatio,
2232 941 2495 989 sacrae

266 1033 529 1111 vesteS,
560 1028 750 1108 thus,
786 1027 1191 1109 lampades,
1231 1033 1512 1110 cantus,
1545 1033 1619 1094 et
1648 1029 1796 1093 alia
1824 1028 1891 1110 ej
1902 1028 2150 1095 usdem
2176 1031 2494 1113 generis3

268 1153 352 1199 ex
363 1136 834 1222 judicialibus
856 1152 1036 1200 vero
1068 1133 1609 1217 deprompsisse
1636 1135 1884 1218 plures
1909 1136 2110 1218 leges
2137 1137 2213 1201 in
2231 1137 2499 1203 Decre-

266 1241 527 1306 talibus
562 1241 905 1323 insertae,
935 1241 1167 1306 veluti
1204 1259 1365 1324 cap.
1404 1240 1565 1306 Ide
1599 1242 2012 1327 homicidio,
2052 1261 2216 1326 cap.
2254 1244 2290 1310 Ι
2321 1247 2396 1309 et
2427 1244 2501 1310 ΙΙ

268 1349 349 1414 de
382 1348 741 1414 adulterio
774 1353 849 1412 et
882 1351 1160 1431 stupr0,
1198 1365 1361 1430 cap.
1399 1349 1434 1413 I
1467 1348 1556 1414 de
1589 1351 1828 1432 furtiS‚
1859 1367 2022 1434 cap.
2083 1351 2142 1434 Ι,
2195 1351 2293 1433 ΙΙ,
2362 1352 2496 1482 ΙΠ,

266 1457 359 1522 IV
391 1462 464 1521 et
490 1457 555 1522 V
592 1455 680 1520 de
715 1456 1023 1538 injurius,
1064 1459 1137 1521 et
1170 1457 1578 1551 hujusmodi
1612 1457 1783 1521 alia.

435 1565 547 1629 73.
649 1563 903 1646 Quoad
966 1583 1172 1630 usum
1242 1570 1316 1630 et
1372 1566 1884 1630 auctoritatem
1951 1566 2224 1630 veteris
2284 1565 2502 1650 Legis

266 1677 849 1756 praeceptorum,
888 1675 1072 1738 haec
1105 1673 1489 1738 retinenda
1521 1673 1888 1739 videntur:
1927 1676 2330 1756 praecepta
2363 1695 2500 1739 mo-

266 1782 447 1846 ralia
474 1781 767 1864 penitus
794 1781 1273 1846 immutabilia
1299 1785 1517 1864 atque
1543 1781 1902 1845 inviolata
1928 1781 2314 1863 habentur,
2336 1798 2498 1846 auc·

268 1886 639 1950 toritatem
668 1886 1237 1968 planedivinam
1264 1887 1601 1951 obtinent·
1618 1889 1840 1968 atque
1867 1887 2263 1950 canonistis
2293 1903 2502 1969 prae-

268 1991 436 2057 bere
456 1997 763 2076 possunt
797 1999 1227 2076 argumenta
1248 1993 1655 2058 certissima
1682 1998 1903 2075 atque
1935 1993 2348 2058 firmissima
2369 1995 2501 2077 pro

268 2101 697 2166 veritatibus
731 2104 805 2165 et
839 2101 1053 2166 rebus
1090 2100 1183 2164 ad
1214 2100 1257 2165 J
1264 2119 1343 2165 us
1378 2100 1958 2165 ecclesiasticum
2021 2101 2502 2167 'attinentibus

268 2208 550 2289 plenius
609 2208 1059 2292 exponendis
1108 2212 1180 2273 et
1238 2208 1710 2274 validissimis
1770 2208 2174 2273 rationibus
2275 2208 2503 2274 vindi-

270 2315 541 2380 caudis.

366 2421 511 2487 Si
541 2440 719 2486 vero
755 2425 1014 2504 agatur
1049 2421 1139 2486 de
1172 2421 1588 2506 praeceptis
1624 2422 2240 2488 caere-monialibus
2277 2440 2364 2487 ac
2393 2425 2501 2501 ia-

269 2531 658 2614 dicialibus,
693 2530 1159 2595 distinctione
1202 2546 1364 2595 cum
1398 2529 1587 2594 Divo
1622 2529 1898 2593 Thoma
1961 2528 2305 2594 utendum
2363 2532 2498 2611 est;

268 2640 705 2731 namuprout
730 2637 836 2701 ait
860 2634 1252 2717 Angelicus
1281 2631 1555 2700 Doctor
1583 2634 1702 2717 (1),
1725 2635 1798 2699 in
1821 2634 1986 2715 ,iure
2014 2635 2505 2699 caeremonia-

269 2744 317 2807 li
348 2748 420 2808 et
444 2744 781 2826 judiciali
811 2742 1085 2808 veteris
1119 2741 1564 2807 Testamenti
1597 2741 1962 2823 triplicem
2008 2744 2293 2823 partem
2339 2758 2505 2806 con-

270 2850 593 2915 siderare
610 2853 921 2933 oportet,
937 2866 1199 2932 nempe
1222 2850 1678 2935 mortiferam,
1702 2850 2186 2914 canonizatam
2223 2851 2295 2913 et
2325 2868 2504 2915 mor-

271 2962 482 3039 tuam,·
516 2973 689 3038 pars
724 2956 1090 3041 mortifera
1124 2972 1212 3019 ea
1244 2959 1644 3038 praecepta
1715 2954 2253 3037 complectitur,
2317 2971 2506 3036 quae

273 3065 763 3127 consummato
800 3060 1066 3128 Christi
1093 3065 1324 3126 morte
1359 3062 1724 3125 humanae
1762 3061 2285 3143 redemptionis
2321 3078 2508 3143 mys-

202 3220 207 3224 .
272 3171 446 3235 terio
489 3171 596 3234 ita
628 3168 1179 3250 interciderunt,
1247 3172 1326 3233 ut
1388 3185 1625 3252 neque
1691 3185 1853 3233 cum
1897 3167 2038 3231 fide
2108 3165 2510 3232 christiana

274 3278 670 3359 conciliari,
711 3294 945 3361 neque
980 3277 1137 3342 sine
1162 3283 1470 3360 peccato
1500 3277 1839 3360 usurpari
1867 3276 2178 3359 amplius
2211 3280 2506 3359 queant,

274 3386 371 3449 uti
426 3388 609 3451 ritus
664 3385 1212 3467 sacrificiorum;
1260 3385 1446 3449 haec
1505 3385 1726 3465 igitur
1792 3385 2056 3465 omnia,
2127 3382 2509 3453 evidenter

276 3496 496 3576 patet,
537 3510 673 3557 nec
708 3492 1224 3557 auctoritatem
1255 3491 1557 3573 habere,
1594 3509 1733 3556 nec
1769 3496 2200 3574 argumenta
2226 3490 2301 3553 in
2334 3489 2377 3554 J
2385 3504 2510 3553 ure

278 3599 623 3663 canonico
656 3615 995 3681 promere
1029 3616 1270 3679 posse.

446 3707 627 3771 Pars
660 3708 1069 3771 canonizata
1102 3720 1230 3770 seu
1282 3706 1643 3793 codifi'eata
1705 3705 2036 3789 plurimis
2102 3703 2357 3768 ritibus
2423 3720 2512 3767 ac

281 3814 690 3897 praeceptis
716 3813 1070 3878 coalescit
1092 3812 1183 3877 ab
1210 3812 1545 3877 Ecclesia
1576 3814 1651 3877 in
1671 3814 1790 3895 jus
1820 3812 2250 3885 canonicum
2274 3816 2510 3881 trans·-

281 3917 466 4004 latis‚
498 3920 901 4003 cujusmodi
926 3922 1117 4000 sunt,
1149 3921 1227 3983 ut
1252 3936 1475 4002 supra
1505 3920 1893 4001 innuimus,
1914 3917 2276 3984 ordinatio
2306 3934 2503 4001 pres-

282 4024 723 4111 byterorum,
759 4024 1212 4091 consecratio
1242 4025 1744 4107 ecclesiarum,
1805 4025 2274 4126 thurificatiO,
2335 4024 2508 4089 alia-

414 4278 493 4347 (1)
568 4277 818 4346 Summa,
844 4292 977 4345 pars
1002 4278 1075 4345 ΙΙ,
1102 4280 1239 4333 sect.
1267 4276 1317 4345 1,
1342 4279 1561 4343 quaest.
1596 4239 1684 4329 99.
