<?xml version="1.0" encoding="UTF-8"?>
<!DOCTYPE html PUBLIC "-//W3C//DTD XHTML 1.0 Transitional//EN"
    "http://www.w3.org/TR/xhtml1/DTD/xhtml1-transitional.dtd">
<html xmlns="http://www.w3.org/1999/xhtml" xml:lang="en" lang="en">
 <head>
  <title>
</title>
<meta http-equiv="Content-Type" content="text/html;charset=utf-8" />
  <meta name='ocr-system' content='tesseract 3.04.00' />
  <meta name='ocr-capabilities' content='ocr_page ocr_carea ocr_par ocr_line ocrx_word'/>
</head>
<body>
  <div class='ocr_page' id='page_1' title='image "./introductioinju00ferngoog_0132.png"; bbox 0 0 3332 5100; ppageno 0'>
   <div class='ocr_carea' id='block_1_1' title="bbox 1739 372 2097 432">
    <p class='ocr_par' dir='ltr' id='par_1_1' title="bbox 1739 372 2097 432">
     <span class='ocr_line' id='line_1_1' title="bbox 1739 372 2097 432; baseline -0.006 0"><span class='ocrx_word' id='word_1_1' title='bbox 1739 372 2097 432; x_wconf 74' lang='lat'>—112—</span> 
     </span>
    </p>
   </div>
   <div class='ocr_carea' id='block_1_2' title="bbox 792 514 3060 4369">
    <p class='ocr_par' dir='ltr' id='par_1_2' title="bbox 792 514 3056 1893">
     <span class='ocr_line' id='line_1_2' title="bbox 792 514 3038 600; baseline -0.002 -16"><span class='ocrx_word' id='word_1_2' title='bbox 792 518 888 584; x_wconf 88' lang='lat' dir='ltr'><strong>sit</strong></span> <span class='ocrx_word' id='word_1_3' title='bbox 918 517 1171 584; x_wconf 86' lang='lat' dir='ltr'><strong>Bullas</strong></span> <span class='ocrx_word' id='word_1_4' title='bbox 1204 519 1425 600; x_wconf 86' lang='lat' dir='ltr'><strong>atque</strong></span> <span class='ocrx_word' id='word_1_5' title='bbox 1457 516 1840 598; x_wconf 75' lang='lat' dir='ltr'><strong>Rescripta</strong></span> <span class='ocrx_word' id='word_1_6' title='bbox 1871 515 2118 581; x_wconf 90' lang='lat' dir='ltr'><strong>statim</strong></span> <span class='ocrx_word' id='word_1_7' title='bbox 2173 532 2334 582; x_wconf 86' lang='lat' dir='ltr'><strong>esse</strong></span> <span class='ocrx_word' id='word_1_8' title='bbox 2367 514 2786 581; x_wconf 77' lang='lat' dir='ltr'><strong>executioni</strong></span> <span class='ocrx_word' id='word_1_9' title='bbox 2837 531 3038 580; x_wconf 87' lang='lat' dir='ltr'><strong>man·</strong></span> 
     </span>
     <span class='ocr_line' id='line_1_3' title="bbox 794 621 3044 711; baseline -0.003 -18"><span class='ocrx_word' id='word_1_10' title='bbox 794 627 1060 711; x_wconf 79' lang='lat' dir='ltr'><strong>danda,</strong></span> <span class='ocrx_word' id='word_1_11' title='bbox 1102 629 1180 693; x_wconf 93' lang='lat' dir='ltr'><strong>ut</strong></span> <span class='ocrx_word' id='word_1_12' title='bbox 1213 629 1437 691; x_wconf 89' lang='lat' dir='ltr'><strong>antea</strong></span> <span class='ocrx_word' id='word_1_13' title='bbox 1495 625 1773 690; x_wconf 80' lang='lat' dir='ltr'><strong>factum</strong></span> <span class='ocrx_word' id='word_1_14' title='bbox 1827 627 1990 690; x_wconf 88' lang='lat' dir='ltr'><strong>erat</strong></span> <span class='ocrx_word' id='word_1_15' title='bbox 2051 624 2184 690; x_wconf 87' lang='lat' dir='ltr'><strong>sub</strong></span> <span class='ocrx_word' id='word_1_16' title='bbox 2255 623 2641 708; x_wconf 86' lang='lat' dir='ltr'><strong>antipapis·</strong></span> <span class='ocrx_word' id='word_1_17' title='bbox 2665 621 3044 690; x_wconf 79' lang='lat' dir='ltr'><strong>Clemente</strong></span> 
     </span>
     <span class='ocr_line' id='line_1_4' title="bbox 794 730 3044 817; baseline -0.002 -15"><span class='ocrx_word' id='word_1_18' title='bbox 794 735 931 802; x_wconf 84' lang='lat' dir='ltr'><strong>VII</strong></span> <span class='ocrx_word' id='word_1_19' title='bbox 964 738 1039 801; x_wconf 87' lang='lat' dir='ltr'><strong>et</strong></span> <span class='ocrx_word' id='word_1_20' title='bbox 1101 732 1496 800; x_wconf 87' lang='lat' dir='ltr'><strong>Benedicto</strong></span> <span class='ocrx_word' id='word_1_21' title='bbox 1553 730 1758 814; x_wconf 83' lang='lat' dir='ltr'><strong>XIII,</strong></span> <span class='ocrx_word' id='word_1_22' title='bbox 1825 753 1962 798; x_wconf 70' lang='lat' dir='ltr'><strong>nou</strong></span> <span class='ocrx_word' id='word_1_23' title='bbox 2023 733 2448 800; x_wconf 69' lang='lat' dir='ltr'><strong>obstantibus</strong></span> <span class='ocrx_word' id='word_1_24' title='bbox 2512 733 3044 817; x_wconf 66' lang='lat' dir='ltr'><strong>quibuscumque</strong></span> 
     </span>
     <span class='ocr_line' id='line_1_5' title="bbox 792 839 3046 924; baseline -0.002 -16"><span class='ocrx_word' id='word_1_25' title='bbox 792 845 1108 924; x_wconf 71' lang='lat' dir='ltr'><strong>arrectis,</strong></span> <span class='ocrx_word' id='word_1_26' title='bbox 1172 842 1411 907; x_wconf 61' lang='lat' dir='ltr'><strong>usibus</strong></span> <span class='ocrx_word' id='word_1_27' title='bbox 1444 848 1509 906; x_wconf 80' lang='lat' dir='ltr'><strong>et</strong></span> <span class='ocrx_word' id='word_1_28' title='bbox 1540 840 1917 906; x_wconf 77' lang='lat' dir='ltr'><strong>mandatis.-</strong></span> <span class='ocrx_word' id='word_1_29' title='bbox 1947 843 2273 904; x_wconf 85' lang='lat' dir='ltr'><strong>attamen</strong></span> <span class='ocrx_word' id='word_1_30' title='bbox 2335 840 2478 904; x_wconf 78' lang='lat' dir='ltr'><strong>cito</strong></span> <span class='ocrx_word' id='word_1_31' title='bbox 2545 839 2618 904; x_wconf 87' lang='lat' dir='ltr'><strong>in</strong></span> <span class='ocrx_word' id='word_1_32' title='bbox 2676 839 3046 904; x_wconf 88' lang='lat' dir='ltr'><strong>nonnullis</strong></span> 
     </span>
     <span class='ocr_line' id='line_1_6' title="bbox 793 947 3049 1032; baseline -0.001 -17"><span class='ocrx_word' id='word_1_33' title='bbox 793 950 1101 1016; x_wconf 87' lang='lat' dir='ltr'><strong>statibus</strong></span> <span class='ocrx_word' id='word_1_34' title='bbox 1134 949 1277 1014; x_wconf 90' lang='lat' dir='ltr'><strong>iter</strong></span> <span class='ocrx_word' id='word_1_35' title='bbox 1292 967 1412 1014; x_wconf 91' lang='lat' dir='ltr'><strong>um</strong></span> <span class='ocrx_word' id='word_1_36' title='bbox 1444 948 1758 1016; x_wconf 89' lang='lat' dir='ltr'><strong>invaluit</strong></span> <span class='ocrx_word' id='word_1_37' title='bbox 1789 948 2084 1026; x_wconf 74' lang='lat' dir='ltr'><strong>abusus,</strong></span> <span class='ocrx_word' id='word_1_38' title='bbox 2121 951 2196 1012; x_wconf 87' lang='lat' dir='ltr'><strong>et</strong></span> <span class='ocrx_word' id='word_1_39' title='bbox 2254 947 2549 1013; x_wconf 90' lang='lat' dir='ltr'><strong>saeculo</strong></span> <span class='ocrx_word' id='word_1_40' title='bbox 2607 947 2817 1014; x_wconf 89' lang='lat' dir='ltr'><strong>XVII</strong></span> <span class='ocrx_word' id='word_1_41' title='bbox 2850 947 3049 1032; x_wconf 91' lang='lat' dir='ltr'><strong>apud</strong></span> 
     </span>
     <span class='ocr_line' id='line_1_7' title="bbox 794 1055 3044 1140; baseline -0.001 -17"><span class='ocrx_word' id='word_1_42' title='bbox 794 1058 1035 1123; x_wconf 88' lang='lat' dir='ltr'><strong>omnia</strong></span> <span class='ocrx_word' id='word_1_43' title='bbox 1064 1057 1226 1122; x_wconf 83' lang='lat' dir='ltr'><strong>fere</strong></span> <span class='ocrx_word' id='word_1_44' title='bbox 1261 1073 1495 1140; x_wconf 90' lang='lat' dir='ltr'><strong>regna</strong></span> <span class='ocrx_word' id='word_1_45' title='bbox 1528 1060 1854 1120; x_wconf 88' lang='lat' dir='ltr'><strong>retentus</strong></span> <span class='ocrx_word' id='word_1_46' title='bbox 1887 1059 1962 1120; x_wconf 89' lang='lat' dir='ltr'><strong>et</strong></span> <span class='ocrx_word' id='word_1_47' title='bbox 1991 1055 2356 1138; x_wconf 80' lang='lat' dir='ltr'><strong>gradatim</strong></span> <span class='ocrx_word' id='word_1_48' title='bbox 2391 1056 2880 1138; x_wconf 86' lang='lat' dir='ltr'><strong>amplificatus</strong></span> <span class='ocrx_word' id='word_1_49' title='bbox 2907 1058 3044 1138; x_wconf 90' lang='lat' dir='ltr'><strong>est,</strong></span> 
     </span>
     <span class='ocr_line' id='line_1_8' title="bbox 794 1163 3049 1248; baseline -0.002 -16"><span class='ocrx_word' id='word_1_50' title='bbox 794 1165 1367 1232; x_wconf 80' lang='lat' dir='ltr'><strong>circumstantiis</strong></span> <span class='ocrx_word' id='word_1_51' title='bbox 1402 1164 1866 1248; x_wconf 87' lang='lat' dir='ltr'><strong>gravioribus</strong></span> <span class='ocrx_word' id='word_1_52' title='bbox 1898 1163 2386 1247; x_wconf 76' lang='lat' dir='ltr'><strong>superadditis</strong></span> <span class='ocrx_word' id='word_1_53' title='bbox 2420 1164 2782 1248; x_wconf 88' lang='lat' dir='ltr'><strong>novisque</strong></span> <span class='ocrx_word' id='word_1_54' title='bbox 2811 1164 3049 1229; x_wconf 89' lang='lat' dir='ltr'><strong>saevi-</strong></span> 
     </span>
     <span class='ocr_line' id='line_1_9' title="bbox 793 1270 3051 1354; baseline -0.001 -16"><span class='ocrx_word' id='word_1_55' title='bbox 793 1273 915 1339; x_wconf 84' lang='lat' dir='ltr'><strong>tiis</strong></span> <span class='ocrx_word' id='word_1_56' title='bbox 946 1275 1020 1338; x_wconf 90' lang='lat' dir='ltr'><strong>et</strong></span> <span class='ocrx_word' id='word_1_57' title='bbox 1052 1271 1571 1339; x_wconf 86' lang='lat' dir='ltr'><strong>vexationibus</strong></span> <span class='ocrx_word' id='word_1_58' title='bbox 1599 1271 1967 1353; x_wconf 86' lang='lat' dir='ltr'><strong>adhibitis;</strong></span> <span class='ocrx_word' id='word_1_59' title='bbox 2003 1272 2269 1336; x_wconf 82' lang='lat' dir='ltr'><strong>etenim</strong></span> <span class='ocrx_word' id='word_1_60' title='bbox 2297 1289 2525 1354; x_wconf 87' lang='lat' dir='ltr'><strong>usque</strong></span> <span class='ocrx_word' id='word_1_61' title='bbox 2549 1270 2648 1335; x_wconf 87' lang='lat' dir='ltr'><strong>ad</strong></span> <span class='ocrx_word' id='word_1_62' title='bbox 2671 1271 3051 1337; x_wconf 88' lang='lat' dir='ltr'><strong>saeculum</strong></span> 
     </span>
     <span class='ocr_line' id='line_1_10' title="bbox 796 1379 3050 1466; baseline -0.001 -18"><span class='ocrx_word' id='word_1_63' title='bbox 796 1381 1041 1448; x_wconf 91' lang='lat' dir='ltr'><strong>XVIII</strong></span> <span class='ocrx_word' id='word_1_64' title='bbox 1074 1380 1383 1463; x_wconf 87' lang='lat' dir='ltr'><strong>Regium</strong></span> <span class='ocrx_word' id='word_1_65' title='bbox 1417 1379 1842 1462; x_wconf 84' lang='lat' dir='ltr'><strong>Exequatur</strong></span> <span class='ocrx_word' id='word_1_66' title='bbox 1876 1379 2254 1446; x_wconf 79' lang='lat' dir='ltr'><strong>defensum</strong></span> <span class='ocrx_word' id='word_1_67' title='bbox 2289 1380 2535 1445; x_wconf 88' lang='lat' dir='ltr'><strong>fuerat</strong></span> <span class='ocrx_word' id='word_1_68' title='bbox 2567 1381 2649 1444; x_wconf 90' lang='lat' dir='ltr'><strong>ut</strong></span> <span class='ocrx_word' id='word_1_69' title='bbox 2717 1381 3050 1466; x_wconf 76' lang='lat' dir='ltr'><strong>exceptio,</strong></span> 
     </span>
     <span class='ocr_line' id='line_1_11' title="bbox 794 1487 3053 1570; baseline -0 -16"><span class='ocrx_word' id='word_1_70' title='bbox 794 1488 924 1554; x_wconf 92' lang='lat' dir='ltr'><strong>sed</strong></span> <span class='ocrx_word' id='word_1_71' title='bbox 955 1488 1257 1553; x_wconf 90' lang='lat' dir='ltr'><strong>saeculo</strong></span> <span class='ocrx_word' id='word_1_72' title='bbox 1290 1488 1541 1570; x_wconf 87' lang='lat' dir='ltr'><strong>elapso</strong></span> <span class='ocrx_word' id='word_1_73' title='bbox 1575 1487 1875 1552; x_wconf 88' lang='lat' dir='ltr'><strong>ineunte</strong></span> <span class='ocrx_word' id='word_1_74' title='bbox 1907 1487 2428 1552; x_wconf 87' lang='lat' dir='ltr'><strong>celeberrimus</strong></span> <span class='ocrx_word' id='word_1_75' title='bbox 2458 1487 2878 1570; x_wconf 86' lang='lat' dir='ltr'><strong>jansenista</strong></span> <span class='ocrx_word' id='word_1_76' title='bbox 2907 1487 3053 1553; x_wconf 89' lang='lat' dir='ltr'><strong>bel-</strong></span> 
     </span>
     <span class='ocr_line' id='line_1_12' title="bbox 794 1592 3056 1680; baseline -0 -20"><span class='ocrx_word' id='word_1_77' title='bbox 794 1615 891 1680; x_wconf 87' lang='lat' dir='ltr'><strong>ga</strong></span> <span class='ocrx_word' id='word_1_78' title='bbox 924 1594 1340 1660; x_wconf 68' lang='lat' dir='ltr'><strong>Bernartius</strong></span> <span class='ocrx_word' id='word_1_79' title='bbox 1396 1593 1692 1677; x_wconf 83' lang='lat' dir='ltr'><strong>Sigerus</strong></span> <span class='ocrx_word' id='word_1_80' title='bbox 1760 1593 2173 1677; x_wconf 87' lang='lat' dir='ltr'><strong>Van-Spen,</strong></span> <span class='ocrx_word' id='word_1_81' title='bbox 2237 1594 2361 1678; x_wconf 87' lang='lat' dir='ltr'><strong>qui</strong></span> <span class='ocrx_word' id='word_1_82' title='bbox 2411 1592 2668 1677; x_wconf 87' lang='lat' dir='ltr'><strong>plenus</strong></span> <span class='ocrx_word' id='word_1_83' title='bbox 2731 1595 2952 1660; x_wconf 88' lang='lat' dir='ltr'><strong>annis</strong></span> <span class='ocrx_word' id='word_1_84' title='bbox 2985 1598 3056 1659; x_wconf 87' lang='lat' dir='ltr'><strong>et</strong></span> 
     </span>
     <span class='ocr_line' id='line_1_13' title="bbox 795 1681 3054 1788; baseline -0.001 -20"><span class='ocrx_word' id='word_1_85' title='bbox 795 1703 1121 1768; x_wconf 86' lang='lat' dir='ltr'><strong>censuris</strong></span> <span class='ocrx_word' id='word_1_86' title='bbox 1154 1701 1226 1766; x_wconf 89' lang='lat' dir='ltr'><strong>in</strong></span> <span class='ocrx_word' id='word_1_87' title='bbox 1262 1701 1722 1766; x_wconf 87' lang='lat' dir='ltr'><strong>contumacia</strong></span> <span class='ocrx_word' id='word_1_88' title='bbox 1757 1705 2078 1767; x_wconf 86' lang='lat' dir='ltr'><strong>mortuus</strong></span> <span class='ocrx_word' id='word_1_89' title='bbox 2143 1705 2284 1784; x_wconf 87' lang='lat' dir='ltr'><strong>est,</strong></span> <span class='ocrx_word' id='word_1_90' title='bbox 2315 1681 2326 1694; x_wconf 69' lang='grc'><strong><em>’</em></strong></span> <span class='ocrx_word' id='word_1_91' title='bbox 2360 1701 2540 1766; x_wconf 90' lang='lat' dir='ltr'><strong>illud</strong></span> <span class='ocrx_word' id='word_1_92' title='bbox 2601 1705 2680 1765; x_wconf 89' lang='lat' dir='ltr'><strong>ut</strong></span> <span class='ocrx_word' id='word_1_93' title='bbox 2738 1703 3054 1788; x_wconf 70' lang='lat' dir='ltr'><strong>requlam</strong></span> 
     </span>
     <span class='ocr_line' id='line_1_14' title="bbox 795 1808 1859 1893; baseline -0.002 -19"><span class='ocrx_word' id='word_1_94' title='bbox 795 1809 1178 1893; x_wconf 86' lang='lat' dir='ltr'><strong>proposuit</strong></span> <span class='ocrx_word' id='word_1_95' title='bbox 1214 1826 1304 1874; x_wconf 89' lang='lat' dir='ltr'><strong>ac</strong></span> <span class='ocrx_word' id='word_1_96' title='bbox 1337 1808 1859 1891; x_wconf 82' lang='lat' dir='ltr'><strong>propugnavit.</strong></span> 
     </span>
    </p>

    <p class='ocr_par' dir='ltr' id='par_1_3' title="bbox 795 1915 3060 2535">
     <span class='ocr_line' id='line_1_15' title="bbox 972 1915 3057 2000; baseline -0.001 -18"><span class='ocrx_word' id='word_1_97' title='bbox 972 1917 1082 1983; x_wconf 85' lang='lat'><strong>97.</strong></span> <span class='ocrx_word' id='word_1_98' title='bbox 1182 1915 1409 1998; x_wconf 86' lang='lat' dir='ltr'><strong>Origo</strong></span> <span class='ocrx_word' id='word_1_99' title='bbox 1446 1917 1688 1983; x_wconf 84' lang='lat' dir='ltr'><strong>Placet</strong></span> <span class='ocrx_word' id='word_1_100' title='bbox 1721 1916 1796 1980; x_wconf 87' lang='lat' dir='ltr'><strong>in</strong></span> <span class='ocrx_word' id='word_1_101' title='bbox 1858 1915 2221 1999; x_wconf 80' lang='lat' dir='ltr'><strong>Hispania</strong></span> <span class='ocrx_word' id='word_1_102' title='bbox 2277 1916 2552 2000; x_wconf 88' lang='lat' dir='ltr'><strong>triplici</strong></span> <span class='ocrx_word' id='word_1_103' title='bbox 2607 1934 2884 1982; x_wconf 87' lang='lat' dir='ltr'><strong>causae</strong></span> <span class='ocrx_word' id='word_1_104' title='bbox 2939 1917 3057 1982; x_wconf 88' lang='lat' dir='ltr'><strong>tri-</strong></span> 
     </span>
     <span class='ocr_line' id='line_1_16' title="bbox 795 2021 3060 2108; baseline -0 -19"><span class='ocrx_word' id='word_1_105' title='bbox 795 2024 1085 2089; x_wconf 90' lang='lat' dir='ltr'><strong>buenda</strong></span> <span class='ocrx_word' id='word_1_106' title='bbox 1119 2026 1254 2106; x_wconf 90' lang='lat' dir='ltr'><strong>est,</strong></span> <span class='ocrx_word' id='word_1_107' title='bbox 1294 2023 1671 2105; x_wconf 86' lang='lat' dir='ltr'><strong>videlicet,</strong></span> <span class='ocrx_word' id='word_1_108' title='bbox 1712 2023 2091 2088; x_wconf 84' lang='lat' dir='ltr'><strong>schismati</strong></span> <span class='ocrx_word' id='word_1_109' title='bbox 2142 2021 2583 2108; x_wconf 86' lang='lat' dir='ltr'><strong>Occidentis,</strong></span> <span class='ocrx_word' id='word_1_110' title='bbox 2623 2024 3060 2108; x_wconf 87' lang='lat' dir='ltr'><strong>quibusdam</strong></span> 
     </span>
     <span class='ocr_line' id='line_1_17' title="bbox 798 2127 3056 2213; baseline -0 -18"><span class='ocrx_word' id='word_1_111' title='bbox 798 2130 1139 2195; x_wconf 88' lang='lat' dir='ltr'><strong>abusibus</strong></span> <span class='ocrx_word' id='word_1_112' title='bbox 1174 2129 1307 2194; x_wconf 90' lang='lat' dir='ltr'><strong>sub</strong></span> <span class='ocrx_word' id='word_1_113' title='bbox 1340 2129 1655 2213; x_wconf 89' lang='lat' dir='ltr'><strong>Regibus</strong></span> <span class='ocrx_word' id='word_1_114' title='bbox 1695 2127 2092 2195; x_wconf 83' lang='lat' dir='ltr'><strong>Catholicis</strong></span> <span class='ocrx_word' id='word_1_115' title='bbox 2126 2130 2460 2213; x_wconf 84' lang='lat' dir='ltr'><strong>patratis,</strong></span> <span class='ocrx_word' id='word_1_116' title='bbox 2506 2148 2595 2196; x_wconf 88' lang='lat' dir='ltr'><strong>ac</strong></span> <span class='ocrx_word' id='word_1_117' title='bbox 2659 2131 3056 2196; x_wconf 85' lang='lat' dir='ltr'><strong>necessita-</strong></span> 
     </span>
     <span class='ocr_line' id='line_1_18' title="bbox 795 2235 3056 2321; baseline -0.001 -18"><span class='ocrx_word' id='word_1_118' title='bbox 795 2238 851 2303; x_wconf 92' lang='lat' dir='ltr'><strong>ti</strong></span> <span class='ocrx_word' id='word_1_119' title='bbox 885 2237 980 2302; x_wconf 89' lang='lat' dir='ltr'><strong>ad</strong></span> <span class='ocrx_word' id='word_1_120' title='bbox 1004 2235 1260 2302; x_wconf 83' lang='lat' dir='ltr'><strong>Sedem</strong></span> <span class='ocrx_word' id='word_1_121' title='bbox 1296 2236 1797 2319; x_wconf 88' lang='lat' dir='ltr'><strong>Apostolicam</strong></span> <span class='ocrx_word' id='word_1_122' title='bbox 1831 2237 2281 2320; x_wconf 89' lang='lat' dir='ltr'><strong>recurrendi,</strong></span> <span class='ocrx_word' id='word_1_123' title='bbox 2345 2238 2407 2302; x_wconf 92' lang='lat' dir='ltr'><strong>si</strong></span> <span class='ocrx_word' id='word_1_124' title='bbox 2451 2237 2739 2321; x_wconf 85' lang='lat' dir='ltr'><strong>quando</strong></span> <span class='ocrx_word' id='word_1_125' title='bbox 2795 2237 3056 2303; x_wconf 88' lang='lat' dir='ltr'><strong>Bullae</strong></span> 
     </span>
     <span class='ocr_line' id='line_1_19' title="bbox 797 2345 3059 2429; baseline -0.001 -18"><span class='ocrx_word' id='word_1_126' title='bbox 797 2345 1189 2411; x_wconf 82' lang='lat' dir='ltr'><strong>ederentur</strong></span> <span class='ocrx_word' id='word_1_127' title='bbox 1220 2345 1453 2410; x_wconf 90' lang='lat' dir='ltr'><strong>minus</strong></span> <span class='ocrx_word' id='word_1_128' title='bbox 1488 2345 2081 2410; x_wconf 87' lang='lat' dir='ltr'><strong>accommodatae</strong></span> <span class='ocrx_word' id='word_1_129' title='bbox 2116 2345 2239 2411; x_wconf 90' lang='lat' dir='ltr'><strong>vel</strong></span> <span class='ocrx_word' id='word_1_130' title='bbox 2293 2347 2560 2410; x_wconf 88' lang='lat' dir='ltr'><strong>noxiae</strong></span> <span class='ocrx_word' id='word_1_131' title='bbox 2625 2345 3059 2429; x_wconf 87' lang='lat' dir='ltr'><strong>disciplinae</strong></span> 
     </span>
     <span class='ocr_line' id='line_1_20' title="bbox 796 2451 2636 2535; baseline -0.001 -17"><span class='ocrx_word' id='word_1_132' title='bbox 796 2457 923 2518; x_wconf 88' lang='lat' dir='ltr'><strong>aut</strong></span> <span class='ocrx_word' id='word_1_133' title='bbox 956 2451 1494 2535; x_wconf 79' lang='lat' dir='ltr'><strong>praerogativis</strong></span> <span class='ocrx_word' id='word_1_134' title='bbox 1528 2452 2022 2517; x_wconf 87' lang='lat' dir='ltr'><strong>Ecclesiarum</strong></span> <span class='ocrx_word' id='word_1_135' title='bbox 2059 2452 2636 2535; x_wconf 87' lang='lat' dir='ltr'><strong>particularium.</strong></span> 
     </span>
    </p>

    <p class='ocr_par' dir='ltr' id='par_1_4' title="bbox 796 2560 3060 3503">
     <span class='ocr_line' id='line_1_21' title="bbox 975 2560 3057 2646; baseline 0 -20"><span class='ocrx_word' id='word_1_136' title='bbox 975 2560 1188 2644; x_wconf 88' lang='lat' dir='ltr'><strong>Apud</strong></span> <span class='ocrx_word' id='word_1_137' title='bbox 1216 2561 1671 2644; x_wconf 86' lang='lat' dir='ltr'><strong>Hispaniam,</strong></span> <span class='ocrx_word' id='word_1_138' title='bbox 1710 2561 1899 2625; x_wconf 89' lang='lat' dir='ltr'><strong>sicut</strong></span> <span class='ocrx_word' id='word_1_139' title='bbox 1934 2560 2240 2643; x_wconf 87' lang='lat' dir='ltr'><strong>contigit</strong></span> <span class='ocrx_word' id='word_1_140' title='bbox 2273 2561 2438 2626; x_wconf 88' lang='lat' dir='ltr'><strong>aliis</strong></span> <span class='ocrx_word' id='word_1_141' title='bbox 2479 2561 2557 2626; x_wconf 87' lang='lat' dir='ltr'><strong>in</strong></span> <span class='ocrx_word' id='word_1_142' title='bbox 2618 2561 2897 2646; x_wconf 77' lang='lat' dir='ltr'><strong>regaie,</strong></span> <span class='ocrx_word' id='word_1_143' title='bbox 2959 2562 3057 2627; x_wconf 90' lang='lat' dir='ltr'><strong>in·</strong></span> 
     </span>
     <span class='ocr_line' id='line_1_22' title="bbox 797 2668 3060 2754; baseline -0.001 -18"><span class='ocrx_word' id='word_1_144' title='bbox 797 2670 1039 2754; x_wconf 88' lang='lat' dir='ltr'><strong>coepit</strong></span> <span class='ocrx_word' id='word_1_145' title='bbox 1073 2670 1339 2735; x_wconf 88' lang='lat' dir='ltr'><strong>abusus</strong></span> <span class='ocrx_word' id='word_1_146' title='bbox 1401 2670 1661 2735; x_wconf 90' lang='lat' dir='ltr'><strong>Placiti</strong></span> <span class='ocrx_word' id='word_1_147' title='bbox 1717 2669 2012 2733; x_wconf 89' lang='lat' dir='ltr'><strong>saeculo</strong></span> <span class='ocrx_word' id='word_1_148' title='bbox 2079 2668 2276 2750; x_wconf 90' lang='lat' dir='ltr'><strong>XIV,</strong></span> <span class='ocrx_word' id='word_1_149' title='bbox 2344 2668 2603 2734; x_wconf 89' lang='lat' dir='ltr'><strong>eadem</strong></span> <span class='ocrx_word' id='word_1_150' title='bbox 2671 2670 3060 2735; x_wconf 89' lang='lat' dir='ltr'><strong>occasione</strong></span> 
     </span>
     <span class='ocr_line' id='line_1_23' title="bbox 797 2775 3058 2861; baseline -0.001 -19"><span class='ocrx_word' id='word_1_151' title='bbox 797 2778 1044 2861; x_wconf 86' lang='lat' dir='ltr'><strong>magni</strong></span> <span class='ocrx_word' id='word_1_152' title='bbox 1080 2776 1496 2841; x_wconf 87' lang='lat' dir='ltr'><strong>schismatis</strong></span> <span class='ocrx_word' id='word_1_153' title='bbox 1528 2775 2034 2858; x_wconf 81' lang='lat' dir='ltr'><strong>occidentalis3</strong></span> <span class='ocrx_word' id='word_1_154' title='bbox 2070 2775 2226 2840; x_wconf 86' lang='lat' dir='ltr'><strong>Rex</strong></span> <span class='ocrx_word' id='word_1_155' title='bbox 2259 2775 2700 2859; x_wconf 87' lang='lat' dir='ltr'><strong>Aragoniae‚</strong></span> <span class='ocrx_word' id='word_1_156' title='bbox 2739 2777 2870 2860; x_wconf 89' lang='lat' dir='ltr'><strong>qui</strong></span> <span class='ocrx_word' id='word_1_157' title='bbox 2897 2795 3058 2843; x_wconf 87' lang='lat' dir='ltr'><strong>cau-</strong></span> 
     </span>
     <span class='ocr_line' id='line_1_24' title="bbox 796 2881 3058 2967; baseline -0.001 -17"><span class='ocrx_word' id='word_1_158' title='bbox 796 2902 955 2951; x_wconf 86' lang='lat' dir='ltr'><strong>sam</strong></span> <span class='ocrx_word' id='word_1_159' title='bbox 980 2884 1289 2949; x_wconf 86' lang='lat' dir='ltr'><strong>celebris</strong></span> <span class='ocrx_word' id='word_1_160' title='bbox 1322 2888 1397 2949; x_wconf 91' lang='lat' dir='ltr'><strong>et</strong></span> <span class='ocrx_word' id='word_1_161' title='bbox 1428 2882 1844 2967; x_wconf 85' lang='lat' dir='ltr'><strong>pervicacis</strong></span> <span class='ocrx_word' id='word_1_162' title='bbox 1878 2881 2075 2947; x_wconf 90' lang='lat' dir='ltr'><strong>Petri</strong></span> <span class='ocrx_word' id='word_1_163' title='bbox 2101 2882 2192 2947; x_wconf 90' lang='lat' dir='ltr'><strong>de</strong></span> <span class='ocrx_word' id='word_1_164' title='bbox 2215 2882 2423 2947; x_wconf 87' lang='lat' dir='ltr'><strong>Luna</strong></span> <span class='ocrx_word' id='word_1_165' title='bbox 2481 2884 2772 2948; x_wconf 85' lang='lat' dir='ltr'><strong>nomine</strong></span> <span class='ocrx_word' id='word_1_166' title='bbox 2831 2884 3058 2950; x_wconf 92' lang='lat' dir='ltr'><strong>Bene-</strong></span> 
     </span>
     <span class='ocr_line' id='line_1_25' title="bbox 798 2990 3060 3073; baseline -0.001 -17"><span class='ocrx_word' id='word_1_167' title='bbox 798 2990 972 3056; x_wconf 91' lang='lat' dir='ltr'><strong>dicti</strong></span> <span class='ocrx_word' id='word_1_168' title='bbox 1004 2990 1183 3056; x_wconf 91' lang='lat' dir='ltr'><strong>XIII</strong></span> <span class='ocrx_word' id='word_1_169' title='bbox 1220 2990 1492 3072; x_wconf 89' lang='lat' dir='ltr'><strong>cogniti</strong></span> <span class='ocrx_word' id='word_1_170' title='bbox 1556 2991 1896 3055; x_wconf 85' lang='lat' dir='ltr'><strong>tuebatur</strong></span> <span class='ocrx_word' id='word_1_171' title='bbox 1931 2994 2148 3073; x_wconf 84' lang='lat' dir='ltr'><strong>atque</strong></span> <span class='ocrx_word' id='word_1_172' title='bbox 2183 2991 2508 3073; x_wconf 87' lang='lat' dir='ltr'><strong>fovebat,</strong></span> <span class='ocrx_word' id='word_1_173' title='bbox 2567 3008 2699 3056; x_wconf 87' lang='lat' dir='ltr'><strong>suo</strong></span> <span class='ocrx_word' id='word_1_174' title='bbox 2741 2992 3060 3057; x_wconf 86' lang='lat' dir='ltr'><strong>examini</strong></span> 
     </span>
     <span class='ocr_line' id='line_1_26' title="bbox 800 3097 3055 3181; baseline -0 -17"><span class='ocrx_word' id='word_1_175' title='bbox 800 3116 888 3164; x_wconf 88' lang='lat' dir='ltr'><strong>ac</strong></span> <span class='ocrx_word' id='word_1_176' title='bbox 920 3099 1273 3163; x_wconf 88' lang='lat' dir='ltr'><strong>revisioni</strong></span> <span class='ocrx_word' id='word_1_177' title='bbox 1310 3097 1558 3167; x_wconf 89' lang='lat' dir='ltr'><strong>Bullas</strong></span> <span class='ocrx_word' id='word_1_178' title='bbox 1592 3101 1668 3162; x_wconf 88' lang='lat' dir='ltr'><strong>et</strong></span> <span class='ocrx_word' id='word_1_179' title='bbox 1699 3098 1969 3163; x_wconf 88' lang='lat' dir='ltr'><strong>Brevia</strong></span> <span class='ocrx_word' id='word_1_180' title='bbox 1993 3098 2372 3163; x_wconf 89' lang='lat' dir='ltr'><strong>Pontificia</strong></span> <span class='ocrx_word' id='word_1_181' title='bbox 2396 3116 2484 3163; x_wconf 91' lang='lat' dir='ltr'><strong>eo</strong></span> <span class='ocrx_word' id='word_1_182' title='bbox 2519 3099 2662 3163; x_wconf 92' lang='lat' dir='ltr'><strong>fine</strong></span> <span class='ocrx_word' id='word_1_183' title='bbox 2719 3099 3055 3181; x_wconf 87' lang='lat' dir='ltr'><strong>subjecit,</strong></span> 
     </span>
     <span class='ocr_line' id='line_1_27' title="bbox 800 3204 3059 3289; baseline -0.001 -18"><span class='ocrx_word' id='word_1_184' title='bbox 800 3209 878 3271; x_wconf 88' lang='lat' dir='ltr'><strong>ut</strong></span> <span class='ocrx_word' id='word_1_185' title='bbox 912 3204 1486 3288; x_wconf 85' lang='lat' dir='ltr'><strong>divulgationem</strong></span> <span class='ocrx_word' id='word_1_186' title='bbox 1522 3209 1595 3269; x_wconf 92' lang='lat' dir='ltr'><strong>et</strong></span> <span class='ocrx_word' id='word_1_187' title='bbox 1629 3204 2134 3269; x_wconf 86' lang='lat' dir='ltr'><strong>executionem</strong></span> <span class='ocrx_word' id='word_1_188' title='bbox 2169 3205 2553 3289; x_wconf 87' lang='lat' dir='ltr'><strong>impediret</strong></span> <span class='ocrx_word' id='word_1_189' title='bbox 2594 3206 3059 3271; x_wconf 90' lang='lat' dir='ltr'><strong>documento-</strong></span> 
     </span>
     <span class='ocr_line' id='line_1_28' title="bbox 800 3311 3057 3396; baseline -0.001 -16"><span class='ocrx_word' id='word_1_190' title='bbox 800 3330 984 3395; x_wconf 90' lang='lat' dir='ltr'><strong>rum,</strong></span> <span class='ocrx_word' id='word_1_191' title='bbox 1026 3330 1213 3396; x_wconf 88' lang='lat' dir='ltr'><strong>quae</strong></span> <span class='ocrx_word' id='word_1_192' title='bbox 1246 3330 1290 3375; x_wconf 92' lang='lat' dir='ltr'><strong>a</strong></span> <span class='ocrx_word' id='word_1_193' title='bbox 1325 3311 1793 3377; x_wconf 88' lang='lat' dir='ltr'><strong>Pontificibus</strong></span> <span class='ocrx_word' id='word_1_194' title='bbox 1828 3312 2130 3378; x_wconf 85' lang='lat' dir='ltr'><strong>alterius</strong></span> <span class='ocrx_word' id='word_1_195' title='bbox 2165 3312 2626 3379; x_wconf 87' lang='lat' dir='ltr'><strong>obedientiae</strong></span> <span class='ocrx_word' id='word_1_196' title='bbox 2651 3316 2725 3379; x_wconf 90' lang='lat' dir='ltr'><strong>et</strong></span> <span class='ocrx_word' id='word_1_197' title='bbox 2747 3330 3057 3379; x_wconf 87' lang='lat' dir='ltr'><strong>commu-</strong></span> 
     </span>
     <span class='ocr_line' id='line_1_29' title="bbox 798 3419 1672 3503; baseline -0.001 -17"><span class='ocrx_word' id='word_1_198' title='bbox 798 3420 1038 3487; x_wconf 90' lang='lat' dir='ltr'><strong>nionis</strong></span> <span class='ocrx_word' id='word_1_199' title='bbox 1066 3419 1672 3503; x_wconf 89' lang='lat' dir='ltr'><strong>expediebantur.</strong></span> 
     </span>
    </p>

    <p class='ocr_par' dir='ltr' id='par_1_5' title="bbox 798 3526 3060 4369">
     <span class='ocr_line' id='line_1_30' title="bbox 979 3526 3056 3612; baseline -0.002 -17"><span class='ocrx_word' id='word_1_200' title='bbox 979 3528 1279 3595; x_wconf 86' lang='lat' dir='ltr'><strong>Sublato</strong></span> <span class='ocrx_word' id='word_1_201' title='bbox 1310 3528 1730 3612; x_wconf 86' lang='lat' dir='ltr'><strong>schismate,</strong></span> <span class='ocrx_word' id='word_1_202' title='bbox 1764 3526 1998 3594; x_wconf 90' lang='lat' dir='ltr'><strong>libera</strong></span> <span class='ocrx_word' id='word_1_203' title='bbox 2023 3529 2160 3593; x_wconf 87' lang='lat' dir='ltr'><strong>fuit</strong></span> <span class='ocrx_word' id='word_1_204' title='bbox 2192 3528 2266 3593; x_wconf 91' lang='lat' dir='ltr'><strong>in</strong></span> <span class='ocrx_word' id='word_1_205' title='bbox 2301 3526 2719 3611; x_wconf 89' lang='lat' dir='ltr'><strong>Hispanicis</strong></span> <span class='ocrx_word' id='word_1_206' title='bbox 2777 3526 3056 3593; x_wconf 88' lang='lat' dir='ltr'><strong>ditioni-</strong></span> 
     </span>
     <span class='ocr_line' id='line_1_31' title="bbox 798 3632 3060 3719; baseline -0.001 -18"><span class='ocrx_word' id='word_1_207' title='bbox 798 3636 935 3701; x_wconf 87' lang='lat' dir='ltr'><strong>bus</strong></span> <span class='ocrx_word' id='word_1_208' title='bbox 958 3636 1359 3719; x_wconf 88' lang='lat' dir='ltr'><strong>publicatio</strong></span> <span class='ocrx_word' id='word_1_209' title='bbox 1388 3632 1994 3701; x_wconf 73' lang='lat' dir='ltr'><strong>constitutionum</strong></span> <span class='ocrx_word' id='word_1_210' title='bbox 2025 3635 2478 3718; x_wconf 86' lang='lat' dir='ltr'><strong>generalium</strong></span> <span class='ocrx_word' id='word_1_211' title='bbox 2505 3638 2657 3699; x_wconf 90' lang='lat' dir='ltr'><strong>tum</strong></span> <span class='ocrx_word' id='word_1_212' title='bbox 2685 3634 2883 3719; x_wconf 80' lang='lat' dir='ltr'><strong>fidei,</strong></span> <span class='ocrx_word' id='word_1_213' title='bbox 2913 3639 3060 3701; x_wconf 90' lang='lat' dir='ltr'><strong>tum</strong></span> 
     </span>
     <span class='ocr_line' id='line_1_32' title="bbox 800 3741 3057 3827; baseline -0.001 -18"><span class='ocrx_word' id='word_1_214' title='bbox 800 3742 1263 3826; x_wconf 79' lang='lat' dir='ltr'><strong>disciplinae3</strong></span> <span class='ocrx_word' id='word_1_215' title='bbox 1296 3746 1375 3807; x_wconf 89' lang='lat' dir='ltr'><strong>at</strong></span> <span class='ocrx_word' id='word_1_216' title='bbox 1401 3746 1728 3826; x_wconf 89' lang='lat' dir='ltr'><strong>tempore</strong></span> <span class='ocrx_word' id='word_1_217' title='bbox 1753 3744 2027 3827; x_wconf 88' lang='lat' dir='ltr'><strong>Regum</strong></span> <span class='ocrx_word' id='word_1_218' title='bbox 2050 3741 2618 3825; x_wconf 86' lang='lat' dir='ltr'><strong>Catholicorum,</strong></span> <span class='ocrx_word' id='word_1_219' title='bbox 2655 3760 2820 3809; x_wconf 86' lang='lat' dir='ltr'><strong>cum</strong></span> <span class='ocrx_word' id='word_1_220' title='bbox 2845 3760 3057 3827; x_wconf 85' lang='lat' dir='ltr'><strong>quae-</strong></span> 
     </span>
     <span class='ocr_line' id='line_1_33' title="bbox 801 3851 3059 3935; baseline -0.002 -18"><span class='ocrx_word' id='word_1_221' title='bbox 801 3851 968 3917; x_wconf 87' lang='lat' dir='ltr'><strong>dam</strong></span> <span class='ocrx_word' id='word_1_222' title='bbox 998 3851 1293 3917; x_wconf 87' lang='lat' dir='ltr'><strong>fraudes</strong></span> <span class='ocrx_word' id='word_1_223' title='bbox 1329 3851 1866 3935; x_wconf 86' lang='lat' dir='ltr'><strong>detegerentur,</strong></span> <span class='ocrx_word' id='word_1_224' title='bbox 1893 3851 2324 3933; x_wconf 87' lang='lat' dir='ltr'><strong>praesertim</strong></span> <span class='ocrx_word' id='word_1_225' title='bbox 2354 3869 2532 3917; x_wconf 89' lang='lat' dir='ltr'><strong>vero</strong></span> <span class='ocrx_word' id='word_1_226' title='bbox 2595 3851 2787 3935; x_wconf 90' lang='lat' dir='ltr'><strong>quod</strong></span> <span class='ocrx_word' id='word_1_227' title='bbox 2817 3851 3059 3934; x_wconf 86' lang='lat' dir='ltr'><strong>plures</strong></span> 
     </span>
     <span class='ocr_line' id='line_1_34' title="bbox 800 3958 3060 4042; baseline -0 -20"><span class='ocrx_word' id='word_1_228' title='bbox 800 3958 1059 4023; x_wconf 87' lang='lat' dir='ltr'><strong>Bullae</strong></span> <span class='ocrx_word' id='word_1_229' title='bbox 1094 3960 1329 4024; x_wconf 87' lang='lat' dir='ltr'><strong>falsae</strong></span> <span class='ocrx_word' id='word_1_230' title='bbox 1367 3958 2004 4041; x_wconf 86' lang='lat' dir='ltr'><strong>indulgentiarum,</strong></span> <span class='ocrx_word' id='word_1_231' title='bbox 2035 3959 2268 4041; x_wconf 89' lang='lat' dir='ltr'><strong>turpis</strong></span> <span class='ocrx_word' id='word_1_232' title='bbox 2303 3962 2647 4042; x_wconf 87' lang='lat' dir='ltr'><strong>quaestus</strong></span> <span class='ocrx_word' id='word_1_233' title='bbox 2705 3974 2936 4023; x_wconf 88' lang='lat' dir='ltr'><strong>causa</strong></span> <span class='ocrx_word' id='word_1_234' title='bbox 2989 3959 3060 4021; x_wconf 92' lang='lat' dir='ltr'><strong>in</strong></span> 
     </span>
     <span class='ocr_line' id='line_1_35' title="bbox 802 4064 3055 4149; baseline -0 -19"><span class='ocrx_word' id='word_1_235' title='bbox 802 4065 1312 4131; x_wconf 86' lang='lat' dir='ltr'><strong>detrimentum</strong></span> <span class='ocrx_word' id='word_1_236' title='bbox 1332 4065 1602 4149; x_wconf 85' lang='lat' dir='ltr'><strong>jurium</strong></span> <span class='ocrx_word' id='word_1_237' title='bbox 1627 4064 1940 4131; x_wconf 82' lang='lat' dir='ltr'><strong>Sanctae</strong></span> <span class='ocrx_word' id='word_1_238' title='bbox 1959 4064 2368 4147; x_wconf 81' lang='lat' dir='ltr'><strong>Cruciatae‚</strong></span> <span class='ocrx_word' id='word_1_239' title='bbox 2391 4064 3055 4149; x_wconf 87' lang='lat' dir='ltr'><strong>circumferrentur,</strong></span> 
     </span>
     <span class='ocr_line' id='line_1_36' title="bbox 801 4171 3055 4255; baseline -0.001 -18"><span class='ocrx_word' id='word_1_240' title='bbox 801 4171 906 4255; x_wconf 92' lang='lat' dir='ltr'><strong>pii</strong></span> <span class='ocrx_word' id='word_1_241' title='bbox 940 4174 1176 4237; x_wconf 88' lang='lat' dir='ltr'><strong>nostri</strong></span> <span class='ocrx_word' id='word_1_242' title='bbox 1206 4172 1651 4237; x_wconf 85' lang='lat' dir='ltr'><strong>Monarchae</strong></span> <span class='ocrx_word' id='word_1_243' title='bbox 1687 4171 1782 4236; x_wconf 87' lang='lat' dir='ltr'><strong>ad</strong></span> <span class='ocrx_word' id='word_1_244' title='bbox 1814 4171 2116 4238; x_wconf 87' lang='lat' dir='ltr'><strong>Romam</strong></span> <span class='ocrx_word' id='word_1_245' title='bbox 2146 4190 2302 4238; x_wconf 89' lang='lat' dir='ltr'><strong>rem</strong></span> <span class='ocrx_word' id='word_1_246' title='bbox 2335 4177 2566 4238; x_wconf 90' lang='lat' dir='ltr'><strong>totam</strong></span> <span class='ocrx_word' id='word_1_247' title='bbox 2619 4171 3055 4252; x_wconf 89' lang='lat' dir='ltr'><strong>detulerunt,</strong></span> 
     </span>
     <span class='ocr_line' id='line_1_37' title="bbox 812 4278 3054 4369; baseline -0.001 -24"><span class='ocrx_word' id='word_1_248' title='bbox 812 4284 891 4345; x_wconf 91' lang='lat' dir='ltr'><strong>ut</strong></span> <span class='ocrx_word' id='word_1_249' title='bbox 922 4278 1145 4347; x_wconf 87' lang='lat' dir='ltr'><strong>Sedes</strong></span> <span class='ocrx_word' id='word_1_250' title='bbox 1174 4280 1601 4364; x_wconf 89' lang='lat' dir='ltr'><strong>Apostolica</strong></span> <span class='ocrx_word' id='word_1_251' title='bbox 1634 4280 2428 4369; x_wconf 40' lang='lat' dir='ltr'><strong>sapientissprovidentia</strong></span> <span class='ocrx_word' id='word_1_252' title='bbox 2452 4284 2561 4346; x_wconf 91' lang='lat' dir='ltr'><strong>tot</strong></span> <span class='ocrx_word' id='word_1_253' title='bbox 2579 4279 2789 4345; x_wconf 85' lang='lat' dir='ltr'><strong>malis</strong></span> <span class='ocrx_word' id='word_1_254' title='bbox 2818 4296 3054 4345; x_wconf 88' lang='lat' dir='ltr'><strong>occur-</strong></span> 
     </span>
    </p>
   </div>
  </div>
 </body>
</html>
