<?xml version="1.0" encoding="UTF-8"?>
<!DOCTYPE html PUBLIC "-//W3C//DTD XHTML 1.0 Transitional//EN"
    "http://www.w3.org/TR/xhtml1/DTD/xhtml1-transitional.dtd">
<html xmlns="http://www.w3.org/1999/xhtml" xml:lang="en" lang="en">
 <head>
  <title>
</title>
<meta http-equiv="Content-Type" content="text/html;charset=utf-8" />
  <meta name='ocr-system' content='tesseract 3.04.00' />
  <meta name='ocr-capabilities' content='ocr_page ocr_carea ocr_par ocr_line ocrx_word'/>
</head>
<body>
  <div class='ocr_page' id='page_1' title='image "./introductioinju00ferngoog_0232.png"; bbox 0 0 3332 5100; ppageno 0'>
   <div class='ocr_carea' id='block_1_1' title="bbox 1753 317 2109 376">
    <p class='ocr_par' dir='ltr' id='par_1_1' title="bbox 1753 317 2109 376">
     <span class='ocr_line' id='line_1_1' title="bbox 1753 317 2109 376; baseline 0 -1"><span class='ocrx_word' id='word_1_1' title='bbox 1753 317 2109 376; x_wconf 79' lang='lat'>-212—</span> 
     </span>
    </p>
   </div>
   <div class='ocr_carea' id='block_1_2' title="bbox 732 460 3070 3984">
    <p class='ocr_par' dir='ltr' id='par_1_2' title="bbox 814 460 3050 977">
     <span class='ocr_line' id='line_1_2' title="bbox 815 460 3042 548; baseline -0 -19"><span class='ocrx_word' id='word_1_2' title='bbox 815 463 1160 548; x_wconf 88' lang='lat' dir='ltr'><strong>episcopo</strong></span> <span class='ocrx_word' id='word_1_3' title='bbox 1224 460 1857 527; x_wconf 84' lang='lat' dir='ltr'><strong>Thessalonicensi</strong></span> <span class='ocrx_word' id='word_1_4' title='bbox 1925 460 2153 528; x_wconf 85' lang='lat' dir='ltr'><strong>Illm0.</strong></span> <span class='ocrx_word' id='word_1_5' title='bbox 2221 466 2309 528; x_wconf 91' lang='lat' dir='ltr'><strong>D.</strong></span> <span class='ocrx_word' id='word_1_6' title='bbox 2375 464 2419 528; x_wconf 87' lang='lat' dir='ltr'><strong>J</strong></span> <span class='ocrx_word' id='word_1_7' title='bbox 2425 466 2644 528; x_wconf 85' lang='lat' dir='ltr'><strong>oanni</strong></span> <span class='ocrx_word' id='word_1_8' title='bbox 2708 464 3042 548; x_wconf 87' lang='lat' dir='ltr'><strong>Brunelli,</strong></span> 
     </span>
     <span class='ocr_line' id='line_1_3' title="bbox 816 568 3046 656; baseline -0 -19"><span class='ocrx_word' id='word_1_9' title='bbox 816 575 1036 655; x_wconf 87' lang='lat' dir='ltr'><strong>atque</strong></span> <span class='ocrx_word' id='word_1_10' title='bbox 1069 589 1160 637; x_wconf 86' lang='lat' dir='ltr'><strong>ex</strong></span> <span class='ocrx_word' id='word_1_11' title='bbox 1196 573 1407 654; x_wconf 87' lang='lat' dir='ltr'><strong>parte</strong></span> <span class='ocrx_word' id='word_1_12' title='bbox 1441 569 1767 653; x_wconf 80' lang='lat' dir='ltr'>Reginae</span> <span class='ocrx_word' id='word_1_13' title='bbox 1807 568 2184 635; x_wconf 81' lang='lat' dir='ltr'><strong>Elisabeth</strong></span> <span class='ocrx_word' id='word_1_14' title='bbox 2241 569 2340 652; x_wconf 92' lang='lat' dir='ltr'><strong>II,</strong></span> <span class='ocrx_word' id='word_1_15' title='bbox 2400 569 2729 635; x_wconf 84' lang='lat' dir='ltr'><strong>Ministro</strong></span> <span class='ocrx_word' id='word_1_16' title='bbox 2794 570 3046 656; x_wconf 85' lang='lat' dir='ltr'><strong>Status,</strong></span> 
     </span>
     <span class='ocr_line' id='line_1_4' title="bbox 814 662 3046 762; baseline 0 -18"><span class='ocrx_word' id='word_1_17' title='bbox 814 678 1126 745; x_wconf 91' lang='lat' dir='ltr'><strong>Domino</strong></span> <span class='ocrx_word' id='word_1_18' title='bbox 1158 677 1584 743; x_wconf 80' lang='lat' dir='ltr'><strong>Emmanuel</strong></span> <span class='ocrx_word' id='word_1_19' title='bbox 1617 676 1934 742; x_wconf 88' lang='lat' dir='ltr'><strong>Bertran</strong></span> <span class='ocrx_word' id='word_1_20' title='bbox 1965 677 2054 742; x_wconf 90' lang='lat' dir='ltr'><strong>de</strong></span> <span class='ocrx_word' id='word_1_21' title='bbox 2085 662 2233 742; x_wconf 88' lang='lat' dir='ltr'><strong>Lis.</strong></span> <span class='ocrx_word' id='word_1_22' title='bbox 2303 676 2583 742; x_wconf 76' lang='lat' dir='ltr'><strong>Deinde</strong></span> <span class='ocrx_word' id='word_1_23' title='bbox 2649 680 3046 762; x_wconf 85' lang='lat' dir='ltr'><strong>promulga-</strong></span> 
     </span>
     <span class='ocr_line' id='line_1_5' title="bbox 816 783 3050 869; baseline 0 -18"><span class='ocrx_word' id='word_1_24' title='bbox 816 791 893 851; x_wconf 86' lang='lat' dir='ltr'><strong>ta</strong></span> <span class='ocrx_word' id='word_1_25' title='bbox 925 785 1062 851; x_wconf 87' lang='lat' dir='ltr'><strong>fuit</strong></span> <span class='ocrx_word' id='word_1_26' title='bbox 1094 785 1483 850; x_wconf 87' lang='lat' dir='ltr'><strong>conventio</strong></span> <span class='ocrx_word' id='word_1_27' title='bbox 1510 785 1718 851; x_wconf 84' lang='lat' dir='ltr'><strong>velut</strong></span> <span class='ocrx_word' id='word_1_28' title='bbox 1761 785 2153 869; x_wconf 71' lang='lat' dir='ltr'><strong><em>Hispaniae</em></strong></span> <span class='ocrx_word' id='word_1_29' title='bbox 2209 784 2357 851; x_wconf 75' lang='lat' dir='ltr'><strong>Laoe</strong></span> <span class='ocrx_word' id='word_1_30' title='bbox 2410 784 2527 850; x_wconf 87' lang='lat' dir='ltr'><strong>die</strong></span> <span class='ocrx_word' id='word_1_31' title='bbox 2588 784 2669 850; x_wconf 81' lang='lat'><strong>17</strong></span> <span class='ocrx_word' id='word_1_32' title='bbox 2727 783 3050 851; x_wconf 78' lang='lat' dir='ltr'><strong>Octobris</strong></span> 
     </span>
     <span class='ocr_line' id='line_1_6' title="bbox 820 892 1377 977; baseline -0.002 -18"><span class='ocrx_word' id='word_1_33' title='bbox 820 893 1145 977; x_wconf 88' lang='lat' dir='ltr'><strong>ejusdem</strong></span> <span class='ocrx_word' id='word_1_34' title='bbox 1177 892 1377 958; x_wconf 88' lang='lat' dir='ltr'><strong>anni.</strong></span> 
     </span>
    </p>

    <p class='ocr_par' dir='ltr' id='par_1_3' title="bbox 820 996 3055 1302">
     <span class='ocr_line' id='line_1_7' title="bbox 993 996 3050 1084; baseline -0 -18"><span class='ocrx_word' id='word_1_35' title='bbox 993 999 1482 1066; x_wconf 84' lang='lat' dir='ltr'><strong>Novissimum</strong></span> <span class='ocrx_word' id='word_1_36' title='bbox 1538 996 2074 1065; x_wconf 84' lang='lat' dir='ltr'><strong>Concordatum</strong></span> <span class='ocrx_word' id='word_1_37' title='bbox 2127 998 2517 1065; x_wconf 82' lang='lat' dir='ltr'>hodiedum</span> <span class='ocrx_word' id='word_1_38' title='bbox 2569 999 2832 1082; x_wconf 83' lang='lat' dir='ltr'><strong>vigens</strong></span> <span class='ocrx_word' id='word_1_39' title='bbox 2890 1018 3050 1084; x_wconf 85' lang='lat' dir='ltr'><strong>qua-</strong></span> 
     </span>
     <span class='ocr_line' id='line_1_8' title="bbox 822 1105 3055 1191; baseline 0.001 -20"><span class='ocrx_word' id='word_1_40' title='bbox 822 1106 1160 1190; x_wconf 84' lang='lat' dir='ltr'><strong>draginta</strong></span> <span class='ocrx_word' id='word_1_41' title='bbox 1182 1124 1315 1172; x_wconf 84' lang='lat' dir='ltr'><strong>sex</strong></span> <span class='ocrx_word' id='word_1_42' title='bbox 1348 1105 1678 1171; x_wconf 82' lang='lat' dir='ltr'><strong>articulis</strong></span> <span class='ocrx_word' id='word_1_43' title='bbox 1733 1109 2020 1171; x_wconf 89' lang='lat' dir='ltr'><strong>constat</strong></span> <span class='ocrx_word' id='word_1_44' title='bbox 2073 1110 2192 1172; x_wconf 86' lang='lat' dir='ltr'><strong>sat</strong></span> <span class='ocrx_word' id='word_1_45' title='bbox 2253 1107 2443 1172; x_wconf 86' lang='lat' dir='ltr'><strong>notis</strong></span> <span class='ocrx_word' id='word_1_46' title='bbox 2507 1110 2582 1171; x_wconf 85' lang='lat' dir='ltr'><strong>et</strong></span> <span class='ocrx_word' id='word_1_47' title='bbox 2636 1107 2760 1191; x_wconf 90' lang='lat' dir='ltr'><strong>qui</strong></span> <span class='ocrx_word' id='word_1_48' title='bbox 2828 1108 3055 1174; x_wconf 84' lang='lat' dir='ltr'><strong>videri</strong></span> 
     </span>
     <span class='ocr_line' id='line_1_9' title="bbox 820 1211 2669 1302; baseline -0.001 -22"><span class='ocrx_word' id='word_1_49' title='bbox 820 1217 1123 1301; x_wconf 82' lang='lat' dir='ltr'><strong>possunt</strong></span> <span class='ocrx_word' id='word_1_50' title='bbox 1155 1213 1248 1278; x_wconf 87' lang='lat' dir='ltr'><strong>ad</strong></span> <span class='ocrx_word' id='word_1_51' title='bbox 1280 1213 1559 1277; x_wconf 80' lang='lat' dir='ltr'><strong>calcem</strong></span> <span class='ocrx_word' id='word_1_52' title='bbox 1590 1211 1803 1295; x_wconf 86' lang='lat' dir='ltr'><strong>hujus</strong></span> <span class='ocrx_word' id='word_1_53' title='bbox 1833 1213 2101 1278; x_wconf 91' lang='lat' dir='ltr'><strong>libriin</strong></span> <span class='ocrx_word' id='word_1_54' title='bbox 2134 1213 2669 1302; x_wconf 30' lang='lat' dir='ltr'><strong>Appendice‘V.</strong></span> 
     </span>
    </p>

    <p class='ocr_par' dir='ltr' id='par_1_4' title="bbox 820 1320 3059 1816">
     <span class='ocr_line' id='line_1_10' title="bbox 1000 1320 3056 1405; baseline 0 -18"><span class='ocrx_word' id='word_1_55' title='bbox 1000 1322 1150 1387; x_wconf 83' lang='lat'>184.</span> <span class='ocrx_word' id='word_1_56' title='bbox 1246 1321 1409 1386; x_wconf 91' lang='lat' dir='ltr'><strong>Alio</strong></span> <span class='ocrx_word' id='word_1_57' title='bbox 1444 1320 1520 1385; x_wconf 92' lang='lat' dir='ltr'><strong>in</strong></span> <span class='ocrx_word' id='word_1_58' title='bbox 1551 1320 1713 1386; x_wconf 90' lang='lat' dir='ltr'><strong>loco</strong></span> <span class='ocrx_word' id='word_1_59' title='bbox 1748 1321 2396 1387; x_wconf 86' lang='lat' dir='ltr'><strong>animadvertimus</strong></span> <span class='ocrx_word' id='word_1_60' title='bbox 2434 1339 2647 1405; x_wconf 84' lang='lat' dir='ltr'><strong>reges</strong></span> <span class='ocrx_word' id='word_1_61' title='bbox 2709 1322 2915 1405; x_wconf 86' lang='lat' dir='ltr'><strong>leges</strong></span> <span class='ocrx_word' id='word_1_62' title='bbox 2971 1323 3056 1387; x_wconf 86' lang='lat' dir='ltr'><strong>ci-</strong></span> 
     </span>
     <span class='ocr_line' id='line_1_11' title="bbox 820 1427 3059 1513; baseline 0.001 -19"><span class='ocrx_word' id='word_1_63' title='bbox 820 1427 1006 1495; x_wconf 80' lang='lat' dir='ltr'><strong>viles</strong></span> <span class='ocrx_word' id='word_1_64' title='bbox 1041 1429 1129 1493; x_wconf 90' lang='lat' dir='ltr'><strong>de</strong></span> <span class='ocrx_word' id='word_1_65' title='bbox 1162 1429 1378 1493; x_wconf 89' lang='lat' dir='ltr'><strong>rebus</strong></span> <span class='ocrx_word' id='word_1_66' title='bbox 1413 1428 1936 1494; x_wconf 89' lang='lat' dir='ltr'><strong>ecclesiasticis</strong></span> <span class='ocrx_word' id='word_1_67' title='bbox 1972 1432 2045 1494; x_wconf 89' lang='lat' dir='ltr'><strong>et</strong></span> <span class='ocrx_word' id='word_1_68' title='bbox 2088 1428 2681 1513; x_wconf 82' lang='lat' dir='ltr'><strong>disciplinaribus</strong></span> <span class='ocrx_word' id='word_1_69' title='bbox 2738 1433 3059 1513; x_wconf 88' lang='lat' dir='ltr'><strong>pertrac-</strong></span> 
     </span>
     <span class='ocr_line' id='line_1_12' title="bbox 822 1535 3059 1622; baseline 0.001 -21"><span class='ocrx_word' id='word_1_70' title='bbox 822 1541 1060 1601; x_wconf 86' lang='lat' dir='ltr'><strong>tantes</strong></span> <span class='ocrx_word' id='word_1_71' title='bbox 1094 1536 1363 1619; x_wconf 88' lang='lat' dir='ltr'><strong>triplici</strong></span> <span class='ocrx_word' id='word_1_72' title='bbox 1397 1542 1757 1619; x_wconf 87' lang='lat' dir='ltr'><strong>conceptu</strong></span> <span class='ocrx_word' id='word_1_73' title='bbox 1786 1535 2006 1602; x_wconf 88' lang='lat' dir='ltr'><strong>edere</strong></span> <span class='ocrx_word' id='word_1_74' title='bbox 2042 1555 2282 1620; x_wconf 87' lang='lat' dir='ltr'><strong>posse,</strong></span> <span class='ocrx_word' id='word_1_75' title='bbox 2321 1538 2602 1604; x_wconf 78' lang='lat' dir='ltr'><strong>scilicet</strong></span> <span class='ocrx_word' id='word_1_76' title='bbox 2636 1538 2849 1604; x_wconf 85' lang='lat' dir='ltr'><strong>titulo</strong></span> <span class='ocrx_word' id='word_1_77' title='bbox 2908 1557 3059 1622; x_wconf 90' lang='lat' dir='ltr'><strong>pro-</strong></span> 
     </span>
     <span class='ocr_line' id='line_1_13' title="bbox 820 1643 3059 1726; baseline 0.001 -17"><span class='ocrx_word' id='word_1_78' title='bbox 820 1643 1156 1709; x_wconf 89' lang='lat' dir='ltr'><strong>tectionis</strong></span> <span class='ocrx_word' id='word_1_79' title='bbox 1188 1660 1317 1708; x_wconf 89' lang='lat' dir='ltr'><strong>seu</strong></span> <span class='ocrx_word' id='word_1_80' title='bbox 1351 1643 1700 1725; x_wconf 87' lang='lat' dir='ltr'><strong>tuitionis,</strong></span> <span class='ocrx_word' id='word_1_81' title='bbox 1731 1644 1805 1709; x_wconf 85' lang='lat' dir='ltr'><strong>vi</strong></span> <span class='ocrx_word' id='word_1_82' title='bbox 1830 1644 2115 1726; x_wconf 87' lang='lat' dir='ltr'><strong>gratiae</strong></span> <span class='ocrx_word' id='word_1_83' title='bbox 2143 1661 2270 1710; x_wconf 91' lang='lat' dir='ltr'><strong>seu</strong></span> <span class='ocrx_word' id='word_1_84' title='bbox 2298 1646 2789 1711; x_wconf 80' lang='lat' dir='ltr'><strong>concessionis</strong></span> <span class='ocrx_word' id='word_1_85' title='bbox 2826 1650 2902 1711; x_wconf 89' lang='lat' dir='ltr'><strong>et</strong></span> <span class='ocrx_word' id='word_1_86' title='bbox 2958 1664 3059 1711; x_wconf 85' lang='lat' dir='ltr'><strong>ra·</strong></span> 
     </span>
     <span class='ocr_line' id='line_1_14' title="bbox 824 1751 1510 1816; baseline 0 0"><span class='ocrx_word' id='word_1_87' title='bbox 824 1751 1019 1816; x_wconf 90' lang='lat' dir='ltr'><strong>tione</strong></span> <span class='ocrx_word' id='word_1_88' title='bbox 1050 1751 1510 1816; x_wconf 88' lang='lat' dir='ltr'><strong>concordiae.</strong></span> 
     </span>
    </p>

    <p class='ocr_par' dir='ltr' id='par_1_5' title="bbox 826 1856 3068 2694">
     <span class='ocr_line' id='line_1_15' title="bbox 1002 1856 3060 1943; baseline 0.001 -20"><span class='ocrx_word' id='word_1_89' title='bbox 1002 1856 1210 1939; x_wconf 79' lang='lat' dir='ltr'><strong>Quod</strong></span> <span class='ocrx_word' id='word_1_90' title='bbox 1243 1857 1337 1922; x_wconf 86' lang='lat' dir='ltr'><strong>ad</strong></span> <span class='ocrx_word' id='word_1_91' title='bbox 1358 1857 1789 1941; x_wconf 87' lang='lat' dir='ltr'><strong>Hispaniam</strong></span> <span class='ocrx_word' id='word_1_92' title='bbox 1824 1859 2112 1943; x_wconf 86' lang='lat' dir='ltr'><strong>attinet,</strong></span> <span class='ocrx_word' id='word_1_93' title='bbox 2149 1877 2296 1924; x_wconf 91' lang='lat' dir='ltr'><strong>non</strong></span> <span class='ocrx_word' id='word_1_94' title='bbox 2351 1860 2584 1925; x_wconf 89' lang='lat' dir='ltr'><strong>solum</strong></span> <span class='ocrx_word' id='word_1_95' title='bbox 2634 1863 3060 1943; x_wconf 84' lang='lat' dir='ltr'><strong>memoratu,</strong></span> 
     </span>
     <span class='ocr_line' id='line_1_16' title="bbox 826 1964 3061 2050; baseline 0.001 -19"><span class='ocrx_word' id='word_1_96' title='bbox 826 1964 954 2031; x_wconf 89' lang='lat' dir='ltr'><strong>sed</strong></span> <span class='ocrx_word' id='word_1_97' title='bbox 978 1965 1200 2030; x_wconf 88' lang='lat' dir='ltr'><strong>etiam</strong></span> <span class='ocrx_word' id='word_1_98' title='bbox 1231 1965 1587 2048; x_wconf 89' lang='lat' dir='ltr'><strong>peculiari</strong></span> <span class='ocrx_word' id='word_1_99' title='bbox 1621 1964 1861 2031; x_wconf 88' lang='lat' dir='ltr'><strong>studio</strong></span> <span class='ocrx_word' id='word_1_100' title='bbox 1897 1965 2118 2049; x_wconf 84' lang='lat' dir='ltr'><strong>digna</strong></span> <span class='ocrx_word' id='word_1_101' title='bbox 2151 1970 2318 2032; x_wconf 89' lang='lat' dir='ltr'><strong>sunt</strong></span> <span class='ocrx_word' id='word_1_102' title='bbox 2374 1972 2846 2033; x_wconf 89' lang='lat' dir='ltr'><strong>monumenta</strong></span> <span class='ocrx_word' id='word_1_103' title='bbox 2897 1969 3061 2050; x_wconf 83' lang='lat' dir='ltr'><strong>jnri-</strong></span> 
     </span>
     <span class='ocr_line' id='line_1_17' title="bbox 828 2067 3066 2157; baseline 0.001 -20"><span class='ocrx_word' id='word_1_104' title='bbox 828 2072 990 2138; x_wconf 87' lang='lat' dir='ltr'><strong>dica</strong></span> <span class='ocrx_word' id='word_1_105' title='bbox 1043 2090 1231 2155; x_wconf 89' lang='lat' dir='ltr'><strong>quae</strong></span> <span class='ocrx_word' id='word_1_106' title='bbox 1295 2073 1370 2137; x_wconf 91' lang='lat' dir='ltr'><strong>in</strong></span> <span class='ocrx_word' id='word_1_107' title='bbox 1439 2072 1944 2157; x_wconf 87' lang='lat' dir='ltr'><strong>antiquissima</strong></span> <span class='ocrx_word' id='word_1_108' title='bbox 2020 2074 2455 2140; x_wconf 89' lang='lat' dir='ltr'><strong>collectione</strong></span> <span class='ocrx_word' id='word_1_109' title='bbox 2530 2067 3066 2141; x_wconf 78' lang='lat' dir='ltr'><strong>Fori-Ju&#39;dioum</strong></span> 
     </span>
     <span class='ocr_line' id='line_1_18' title="bbox 830 2179 3066 2265; baseline 0 -20"><span class='ocrx_word' id='word_1_110' title='bbox 830 2180 1353 2265; x_wconf 73' lang='lat' dir='ltr'><strong>(Fuere-Juzyo)</strong></span> <span class='ocrx_word' id='word_1_111' title='bbox 1404 2181 1477 2244; x_wconf 88' lang='lat' dir='ltr'><strong>et</strong></span> <span class='ocrx_word' id='word_1_112' title='bbox 1508 2179 1903 2245; x_wconf 90' lang='lat' dir='ltr'><strong>immortali</strong></span> <span class='ocrx_word' id='word_1_113' title='bbox 1958 2180 2250 2263; x_wconf 88' lang='lat' dir='ltr'><strong>Septem</strong></span> <span class='ocrx_word' id='word_1_114' title='bbox 2312 2182 2758 2247; x_wconf 89' lang='lat' dir='ltr'><strong>Partitarum</strong></span> <span class='ocrx_word' id='word_1_115' title='bbox 2821 2182 3066 2247; x_wconf 85' lang='lat' dir='ltr'><strong>codice</strong></span> 
     </span>
     <span class='ocr_line' id='line_1_19' title="bbox 828 2286 3067 2370; baseline 0 -18"><span class='ocrx_word' id='word_1_116' title='bbox 828 2287 1313 2369; x_wconf 90' lang='lat' dir='ltr'><strong>continentur,</strong></span> <span class='ocrx_word' id='word_1_117' title='bbox 1350 2304 1443 2351; x_wconf 85' lang='lat' dir='ltr'><strong>ex</strong></span> <span class='ocrx_word' id='word_1_118' title='bbox 1475 2286 1984 2353; x_wconf 88' lang='lat' dir='ltr'><strong>Decretalibus</strong></span> <span class='ocrx_word' id='word_1_119' title='bbox 2020 2287 2357 2370; x_wconf 79' lang='lat' dir='ltr'><strong>Gregorii</strong></span> <span class='ocrx_word' id='word_1_120' title='bbox 2391 2288 2499 2353; x_wconf 88' lang='lat' dir='ltr'><strong>IX</strong></span> <span class='ocrx_word' id='word_1_121' title='bbox 2553 2291 2626 2353; x_wconf 89' lang='lat' dir='ltr'><strong>et</strong></span> <span class='ocrx_word' id='word_1_122' title='bbox 2681 2287 2909 2353; x_wconf 85' lang='lat' dir='ltr'><strong>Sexto</strong></span> <span class='ocrx_word' id='word_1_123' title='bbox 2944 2289 3067 2353; x_wconf 91' lang='lat' dir='ltr'><strong>Bo-</strong></span> 
     </span>
     <span class='ocr_line' id='line_1_20' title="bbox 826 2394 3068 2478; baseline 0 -19"><span class='ocrx_word' id='word_1_124' title='bbox 826 2394 1076 2459; x_wconf 82' lang='lat' dir='ltr'><strong>nifacii</strong></span> <span class='ocrx_word' id='word_1_125' title='bbox 1109 2394 1283 2460; x_wconf 94' lang='lat' dir='ltr'><strong>VIII</strong></span> <span class='ocrx_word' id='word_1_126' title='bbox 1315 2413 1582 2477; x_wconf 87' lang='lat' dir='ltr'><strong>magna</strong></span> <span class='ocrx_word' id='word_1_127' title='bbox 1609 2413 1704 2460; x_wconf 85' lang='lat' dir='ltr'><strong>ex</strong></span> <span class='ocrx_word' id='word_1_128' title='bbox 1734 2401 1946 2477; x_wconf 89' lang='lat' dir='ltr'><strong>parte</strong></span> <span class='ocrx_word' id='word_1_129' title='bbox 1973 2401 2346 2478; x_wconf 84' lang='lat' dir='ltr'><strong>excerpto.</strong></span> <span class='ocrx_word' id='word_1_130' title='bbox 2387 2394 2630 2460; x_wconf 81' lang='lat' dir='ltr'><strong>Solum</strong></span> <span class='ocrx_word' id='word_1_131' title='bbox 2661 2395 2735 2459; x_wconf 93' lang='lat' dir='ltr'><strong>in</strong></span> <span class='ocrx_word' id='word_1_132' title='bbox 2791 2396 3068 2461; x_wconf 87' lang='lat' dir='ltr'><strong>Partita</strong></span> 
     </span>
     <span class='ocr_line' id='line_1_21' title="bbox 828 2501 3067 2586; baseline 0.001 -19"><span class='ocrx_word' id='word_1_133' title='bbox 828 2501 1137 2586; x_wconf 87' lang='lat' dir='ltr'><strong>septima</strong></span> <span class='ocrx_word' id='word_1_134' title='bbox 1171 2501 1309 2568; x_wconf 90' lang='lat' dir='ltr'><strong>duo</strong></span> <span class='ocrx_word' id='word_1_135' title='bbox 1345 2502 1814 2570; x_wconf 86' lang='lat' dir='ltr'><strong>inveniuntur</strong></span> <span class='ocrx_word' id='word_1_136' title='bbox 1849 2502 2065 2586; x_wconf 86' lang='lat' dir='ltr'><strong>tituli,</strong></span> <span class='ocrx_word' id='word_1_137' title='bbox 2107 2520 2411 2586; x_wconf 90' lang='lat' dir='ltr'><strong>quorum</strong></span> <span class='ocrx_word' id='word_1_138' title='bbox 2445 2502 2630 2568; x_wconf 87' lang='lat' dir='ltr'><strong>alius</strong></span> <span class='ocrx_word' id='word_1_139' title='bbox 2676 2502 2765 2569; x_wconf 91' lang='lat' dir='ltr'><strong>de</strong></span> <span class='ocrx_word' id='word_1_140' title='bbox 2822 2503 3067 2570; x_wconf 89' lang='lat' dir='ltr'><strong>haere-</strong></span> 
     </span>
     <span class='ocr_line' id='line_1_22' title="bbox 830 2610 2779 2694; baseline -0.001 -18"><span class='ocrx_word' id='word_1_141' title='bbox 830 2610 1019 2693; x_wconf 84' lang='lat' dir='ltr'><strong>ticis,</strong></span> <span class='ocrx_word' id='word_1_142' title='bbox 1058 2611 1247 2676; x_wconf 87' lang='lat' dir='ltr'><strong>alter</strong></span> <span class='ocrx_word' id='word_1_143' title='bbox 1280 2611 1369 2675; x_wconf 90' lang='lat' dir='ltr'><strong>de</strong></span> <span class='ocrx_word' id='word_1_144' title='bbox 1400 2610 1848 2694; x_wconf 87' lang='lat' dir='ltr'><strong>blasphemis</strong></span> <span class='ocrx_word' id='word_1_145' title='bbox 1883 2611 2060 2694; x_wconf 84' lang='lat' dir='ltr'><strong>agit.</strong></span> <span class='ocrx_word' id='word_1_146' title='bbox 2771 2669 2779 2675; x_wconf 92' lang='lat'>.</span> 
     </span>
    </p>

    <p class='ocr_par' dir='ltr' id='par_1_6' title="bbox 830 2716 3070 3212">
     <span class='ocr_line' id='line_1_23' title="bbox 1006 2716 3068 2801; baseline 0.001 -19"><span class='ocrx_word' id='word_1_147' title='bbox 1006 2716 1262 2800; x_wconf 78' lang='lat' dir='ltr'><strong>Quoad</strong></span> <span class='ocrx_word' id='word_1_148' title='bbox 1293 2718 1495 2799; x_wconf 86' lang='lat' dir='ltr'><strong>leges</strong></span> <span class='ocrx_word' id='word_1_149' title='bbox 1529 2718 1738 2783; x_wconf 90' lang='lat' dir='ltr'><strong>titulo</strong></span> <span class='ocrx_word' id='word_1_150' title='bbox 1776 2718 2265 2784; x_wconf 83' lang='lat' dir='ltr'><strong>concessionis</strong></span> <span class='ocrx_word' id='word_1_151' title='bbox 2300 2721 2427 2783; x_wconf 92' lang='lat' dir='ltr'><strong>aut</strong></span> <span class='ocrx_word' id='word_1_152' title='bbox 2457 2718 2834 2801; x_wconf 86' lang='lat' dir='ltr'><strong>privilegii</strong></span> <span class='ocrx_word' id='word_1_153' title='bbox 2896 2721 3068 2786; x_wconf 91' lang='lat' dir='ltr'><strong>Pon-</strong></span> 
     </span>
     <span class='ocr_line' id='line_1_24' title="bbox 830 2826 3067 2910; baseline 0 -18"><span class='ocrx_word' id='word_1_154' title='bbox 830 2827 1032 2892; x_wconf 89' lang='lat' dir='ltr'><strong>tificii</strong></span> <span class='ocrx_word' id='word_1_155' title='bbox 1058 2828 1273 2910; x_wconf 87' lang='lat' dir='ltr'><strong>latas,</strong></span> <span class='ocrx_word' id='word_1_156' title='bbox 1312 2827 1889 2910; x_wconf 86' lang='lat' dir='ltr'><strong>quamplurimae</strong></span> <span class='ocrx_word' id='word_1_157' title='bbox 1923 2827 2290 2892; x_wconf 84' lang='lat' dir='ltr'><strong>habentur</strong></span> <span class='ocrx_word' id='word_1_158' title='bbox 2339 2827 2415 2891; x_wconf 92' lang='lat' dir='ltr'><strong>in</strong></span> <span class='ocrx_word' id='word_1_159' title='bbox 2468 2826 2888 2893; x_wconf 87' lang='lat' dir='ltr'><strong>Novissima</strong></span> <span class='ocrx_word' id='word_1_160' title='bbox 2945 2829 3067 2893; x_wconf 87' lang='lat' dir='ltr'><strong>Re-</strong></span> 
     </span>
     <span class='ocr_line' id='line_1_25' title="bbox 830 2930 3070 3017; baseline 0 -18"><span class='ocrx_word' id='word_1_161' title='bbox 830 2933 1294 3016; x_wconf 85' lang='lat' dir='ltr'><strong>copilatione,</strong></span> <span class='ocrx_word' id='word_1_162' title='bbox 1343 2935 1448 2998; x_wconf 89' lang='lat' dir='ltr'><strong>ita</strong></span> <span class='ocrx_word' id='word_1_163' title='bbox 1474 2938 1552 2998; x_wconf 89' lang='lat' dir='ltr'><strong>ut</strong></span> <span class='ocrx_word' id='word_1_164' title='bbox 1599 2933 1738 2998; x_wconf 87' lang='lat' dir='ltr'><strong>duo</strong></span> <span class='ocrx_word' id='word_1_165' title='bbox 1767 2934 1982 3016; x_wconf 90' lang='lat' dir='ltr'><strong>primi</strong></span> <span class='ocrx_word' id='word_1_166' title='bbox 2030 2934 2200 2999; x_wconf 90' lang='lat' dir='ltr'><strong>libri</strong></span> <span class='ocrx_word' id='word_1_167' title='bbox 2260 2933 2473 3017; x_wconf 89' lang='lat' dir='ltr'><strong>hujus</strong></span> <span class='ocrx_word' id='word_1_168' title='bbox 2533 2930 2822 2998; x_wconf 86' lang='lat' dir='ltr'><strong>Codicis</strong></span> <span class='ocrx_word' id='word_1_169' title='bbox 2880 2936 3070 2999; x_wconf 87' lang='lat' dir='ltr'><strong>circa</strong></span> 
     </span>
     <span class='ocr_line' id='line_1_26' title="bbox 830 3039 3069 3127; baseline 0 -20"><span class='ocrx_word' id='word_1_170' title='bbox 830 3057 948 3107; x_wconf 88' lang='lat' dir='ltr'><strong>res</strong></span> <span class='ocrx_word' id='word_1_171' title='bbox 994 3039 1087 3106; x_wconf 90' lang='lat' dir='ltr'><strong>ad</strong></span> <span class='ocrx_word' id='word_1_172' title='bbox 1145 3040 1604 3123; x_wconf 88' lang='lat' dir='ltr'><strong>disciplinam</strong></span> <span class='ocrx_word' id='word_1_173' title='bbox 1663 3044 1739 3104; x_wconf 89' lang='lat' dir='ltr'><strong>et</strong></span> <span class='ocrx_word' id='word_1_174' title='bbox 1785 3040 2162 3106; x_wconf 83' lang='lat' dir='ltr'><strong>Ecclesiae</strong></span> <span class='ocrx_word' id='word_1_175' title='bbox 2221 3040 2805 3123; x_wconf 88' lang='lat' dir='ltr'><strong>jurisdictionem</strong></span> <span class='ocrx_word' id='word_1_176' title='bbox 2875 3060 3069 3127; x_wconf 89' lang='lat' dir='ltr'><strong>spec·</strong></span> 
     </span>
     <span class='ocr_line' id='line_1_27' title="bbox 832 3146 1936 3212; baseline 0 0"><span class='ocrx_word' id='word_1_177' title='bbox 832 3150 1074 3212; x_wconf 88' lang='lat' dir='ltr'><strong>tantes</strong></span> <span class='ocrx_word' id='word_1_178' title='bbox 1111 3146 1486 3212; x_wconf 78' lang='lat' dir='ltr'><strong>exclusive</strong></span> <span class='ocrx_word' id='word_1_179' title='bbox 1521 3151 1936 3212; x_wconf 85' lang='lat' dir='ltr'><strong>versantur.</strong></span> 
     </span>
    </p>

    <p class='ocr_par' dir='ltr' id='par_1_7' title="bbox 732 3251 3070 3984">
     <span class='ocr_line' id='line_1_28' title="bbox 1006 3251 3069 3338; baseline 0 -20"><span class='ocrx_word' id='word_1_180' title='bbox 1006 3251 1212 3337; x_wconf 81' lang='lat' dir='ltr'><strong>Quod</strong></span> <span class='ocrx_word' id='word_1_181' title='bbox 1245 3257 1691 3337; x_wconf 89' lang='lat' dir='ltr'><strong>postremum</strong></span> <span class='ocrx_word' id='word_1_182' title='bbox 1719 3254 1962 3337; x_wconf 84' lang='lat' dir='ltr'><strong>legum</strong></span> <span class='ocrx_word' id='word_1_183' title='bbox 2007 3271 2236 3337; x_wconf 85' lang='lat' dir='ltr'><strong>genus</strong></span> <span class='ocrx_word' id='word_1_184' title='bbox 2292 3253 2618 3336; x_wconf 87' lang='lat' dir='ltr'><strong>respicit,</strong></span> <span class='ocrx_word' id='word_1_185' title='bbox 2648 3256 2944 3338; x_wconf 79' lang='lat' dir='ltr'><strong>nempe,</strong></span> <span class='ocrx_word' id='word_1_186' title='bbox 2983 3255 3069 3318; x_wconf 91' lang='lat' dir='ltr'><strong>ad</strong></span> 
     </span>
     <span class='ocr_line' id='line_1_29' title="bbox 832 3360 3070 3446; baseline -0.001 -19"><span class='ocrx_word' id='word_1_187' title='bbox 832 3362 1105 3427; x_wconf 84' lang='lat' dir='ltr'><strong>statuta</strong></span> <span class='ocrx_word' id='word_1_188' title='bbox 1140 3363 1214 3426; x_wconf 89' lang='lat' dir='ltr'><strong>et</strong></span> <span class='ocrx_word' id='word_1_189' title='bbox 1247 3360 1740 3426; x_wconf 87' lang='lat' dir='ltr'><strong>ordinationes</strong></span> <span class='ocrx_word' id='word_1_190' title='bbox 1786 3361 2060 3427; x_wconf 82' lang='lat' dir='ltr'><strong>virtute</strong></span> <span class='ocrx_word' id='word_1_191' title='bbox 2112 3361 2548 3427; x_wconf 85' lang='lat' dir='ltr'><strong>concordiae</strong></span> <span class='ocrx_word' id='word_1_192' title='bbox 2615 3361 2879 3446; x_wconf 84' lang='lat' dir='ltr'><strong>editas,</strong></span> <span class='ocrx_word' id='word_1_193' title='bbox 2934 3380 3070 3428; x_wconf 90' lang='lat' dir='ltr'><strong>non</strong></span> 
     </span>
     <span class='ocr_line' id='line_1_30' title="bbox 832 3455 3066 3551; baseline -0.001 -16"><span class='ocrx_word' id='word_1_194' title='bbox 832 3470 1092 3535; x_wconf 89' lang='lat' dir='ltr'><strong>desunt</strong></span> <span class='ocrx_word' id='word_1_195' title='bbox 1123 3468 1385 3533; x_wconf 87' lang='lat' dir='ltr'><strong>crebra</strong></span> <span class='ocrx_word' id='word_1_196' title='bbox 1418 3469 1780 3550; x_wconf 86' lang='lat' dir='ltr'><strong>exempla,</strong></span> <span class='ocrx_word' id='word_1_197' title='bbox 1815 3469 1919 3533; x_wconf 89' lang='lat' dir='ltr'><strong>uti</strong></span> <span class='ocrx_word' id='word_1_198' title='bbox 1966 3455 2543 3534; x_wconf 84' lang='lat' dir='ltr'><strong>Lex-conventio</strong></span> <span class='ocrx_word' id='word_1_199' title='bbox 2579 3487 2799 3551; x_wconf 86' lang='lat' dir='ltr'><strong>super</strong></span> <span class='ocrx_word' id='word_1_200' title='bbox 2852 3469 3066 3551; x_wconf 81' lang='lat' dir='ltr'><strong>Cape-</strong></span> 
     </span>
     <span class='ocr_line' id='line_1_31' title="bbox 832 3574 3070 3658; baseline -0.002 -15"><span class='ocrx_word' id='word_1_201' title='bbox 832 3576 1074 3643; x_wconf 88' lang='lat' dir='ltr'><strong>llaniis</strong></span> <span class='ocrx_word' id='word_1_202' title='bbox 1154 3574 1521 3640; x_wconf 86' lang='lat' dir='ltr'><strong>collativis</strong></span> <span class='ocrx_word' id='word_1_203' title='bbox 1623 3575 1930 3658; x_wconf 89' lang='lat' dir='ltr'><strong>aliisque</strong></span> <span class='ocrx_word' id='word_1_204' title='bbox 2001 3577 2140 3658; x_wconf 90' lang='lat' dir='ltr'><strong>piis</strong></span> <span class='ocrx_word' id='word_1_205' title='bbox 2207 3576 2749 3640; x_wconf 82' lang='lat' dir='ltr'><strong>fundationibus</strong></span> <span class='ocrx_word' id='word_1_206' title='bbox 2822 3577 2938 3639; x_wconf 89' lang='lat' dir='ltr'><strong>die</strong></span> <span class='ocrx_word' id='word_1_207' title='bbox 2994 3577 3070 3641; x_wconf 77' lang='lat'><strong>24</strong></span> 
     </span>
     <span class='ocr_line' id='line_1_32' title="bbox 830 3681 3068 3766; baseline -0.003 -13"><span class='ocrx_word' id='word_1_208' title='bbox 830 3686 872 3753; x_wconf 92' lang='lat' dir='ltr'><strong>J</strong></span> <span class='ocrx_word' id='word_1_209' title='bbox 878 3685 1026 3750; x_wconf 92' lang='lat' dir='ltr'><strong>unii</strong></span> <span class='ocrx_word' id='word_1_210' title='bbox 1060 3684 1233 3748; x_wconf 90' lang='lat' dir='ltr'><strong>anni</strong></span> <span class='ocrx_word' id='word_1_211' title='bbox 1271 3681 1440 3748; x_wconf 85' lang='grc'>1867</span> <span class='ocrx_word' id='word_1_212' title='bbox 1477 3682 1971 3766; x_wconf 85' lang='lat' dir='ltr'><strong>promulgata,</strong></span> <span class='ocrx_word' id='word_1_213' title='bbox 2005 3689 2077 3747; x_wconf 92' lang='lat' dir='ltr'><strong>et</strong></span> <span class='ocrx_word' id='word_1_214' title='bbox 2110 3682 2427 3747; x_wconf 88' lang='lat' dir='ltr'><strong>Decreta</strong></span> <span class='ocrx_word' id='word_1_215' title='bbox 2495 3685 2781 3747; x_wconf 84' lang='lat' dir='ltr'><strong>collatis</strong></span> <span class='ocrx_word' id='word_1_216' title='bbox 2850 3687 3068 3749; x_wconf 82' lang='lat' dir='ltr'><strong>consi-</strong></span> 
     </span>
     <span class='ocr_line' id='line_1_33' title="bbox 832 3789 3070 3859; baseline -0.003 -2"><span class='ocrx_word' id='word_1_217' title='bbox 832 3793 946 3859; x_wconf 89' lang='lat' dir='ltr'><strong>liis</strong></span> <span class='ocrx_word' id='word_1_218' title='bbox 980 3790 1610 3858; x_wconf 89' lang='lat' dir='ltr'><strong>die6Decembris</strong></span> <span class='ocrx_word' id='word_1_219' title='bbox 1662 3790 1838 3854; x_wconf 83' lang='lat'>1888</span> <span class='ocrx_word' id='word_1_220' title='bbox 1882 3796 1955 3855; x_wconf 89' lang='lat' dir='ltr'><strong>et</strong></span> <span class='ocrx_word' id='word_1_221' title='bbox 2008 3791 2094 3854; x_wconf 82' lang='lat'><strong>23</strong></span> <span class='ocrx_word' id='word_1_222' title='bbox 2141 3789 2573 3856; x_wconf 89' lang='lat' dir='ltr'><strong>Novembris</strong></span> <span class='ocrx_word' id='word_1_223' title='bbox 2643 3791 2807 3855; x_wconf 66' lang='lat'>[891</span> <span class='ocrx_word' id='word_1_224' title='bbox 2886 3791 3070 3855; x_wconf 85' lang='lat' dir='ltr'><strong>edita</strong></span> 
     </span>
     <span class='ocr_line' id='line_1_34' title="bbox 732 3885 3066 3984; baseline -0.001 -20"><span class='ocrx_word' id='word_1_225' title='bbox 732 3964 742 3974; x_wconf 73' lang='grc'>,</span> <span class='ocrx_word' id='word_1_226' title='bbox 830 3898 1397 3984; x_wconf 86' lang='lat' dir='ltr'><strong>praescribendo</strong></span> <span class='ocrx_word' id='word_1_227' title='bbox 1468 3898 1781 3977; x_wconf 50' lang='lat' dir='ltr'><strong>formam,</strong></span> <span class='ocrx_word' id='word_1_228' title='bbox 1830 3885 1916 3962; x_wconf 76' lang='lat' dir='ltr'><strong>&#39;in</strong></span> <span class='ocrx_word' id='word_1_229' title='bbox 1978 3899 2399 3982; x_wconf 85' lang='lat' dir='ltr'><strong>provisione</strong></span> <span class='ocrx_word' id='word_1_230' title='bbox 2487 3899 3066 3981; x_wconf 84' lang='lat' dir='ltr'><strong>praebendarum</strong></span> 
     </span>
    </p>
   </div>
   <div class='ocr_carea' id='block_1_3' title="bbox 700 4004 1993 4072">
    <p class='ocr_par' dir='ltr' id='par_1_8' title="bbox 700 4004 1993 4072">
     <span class='ocr_line' id='line_1_35' title="bbox 700 4004 1993 4072; baseline -0.002 0"><span class='ocrx_word' id='word_1_231' title='bbox 700 4010 710 4016; x_wconf 83' lang='grc'><em>“</em></span> <span class='ocrx_word' id='word_1_232' title='bbox 836 4007 1499 4072; x_wconf 86' lang='lat' dir='ltr'><strong>ecclesiasticarum</strong></span> <span class='ocrx_word' id='word_1_233' title='bbox 1525 4004 1993 4070; x_wconf 85' lang='lat' dir='ltr'><strong>servandam.</strong></span> 
     </span>
    </p>
   </div>
   <div class='ocr_carea' id='block_1_4' title="bbox 834 4111 3068 4415">
    <p class='ocr_par' dir='ltr' id='par_1_9' title="bbox 834 4111 3068 4415">
     <span class='ocr_line' id='line_1_36' title="bbox 1042 4111 3068 4197; baseline -0.002 -18"><span class='ocrx_word' id='word_1_234' title='bbox 1042 4113 1194 4179; x_wconf 82' lang='lat'>185.</span> <span class='ocrx_word' id='word_1_235' title='bbox 1294 4111 1672 4179; x_wconf 84' lang='lat' dir='ltr'><strong>Coronidis</strong></span> <span class='ocrx_word' id='word_1_236' title='bbox 1732 4113 1973 4195; x_wconf 85' lang='lat' dir='ltr'><strong>gratia</strong></span> <span class='ocrx_word' id='word_1_237' title='bbox 2038 4114 2475 4197; x_wconf 86' lang='lat' dir='ltr'><strong>Adjumenta</strong></span> <span class='ocrx_word' id='word_1_238' title='bbox 2531 4133 2659 4179; x_wconf 84' lang='lat' dir='ltr'><strong>seu</strong></span> <span class='ocrx_word' id='word_1_239' title='bbox 2717 4115 3068 4181; x_wconf 83' lang='lat' dir='ltr'><strong>Scientias</strong></span> 
     </span>
     <span class='ocr_line' id='line_1_37' title="bbox 834 4219 3068 4306; baseline -0.003 -16"><span class='ocrx_word' id='word_1_240' title='bbox 834 4220 1317 4290; x_wconf 87' lang='lat' dir='ltr'><strong>Subsidiarias</strong></span> <span class='ocrx_word' id='word_1_241' title='bbox 1352 4220 1396 4285; x_wconf 88' lang='lat' dir='ltr'>J</span> <span class='ocrx_word' id='word_1_242' title='bbox 1402 4221 1547 4286; x_wconf 87' lang='lat' dir='ltr'><strong>uris</strong></span> <span class='ocrx_word' id='word_1_243' title='bbox 1579 4219 2109 4304; x_wconf 89' lang='lat' dir='ltr'><strong>Ecclesiastici,</strong></span> <span class='ocrx_word' id='word_1_244' title='bbox 2178 4225 2360 4286; x_wconf 88' lang='lat' dir='ltr'><strong>tam·</strong></span> <span class='ocrx_word' id='word_1_245' title='bbox 2395 4219 2803 4306; x_wconf 81' lang='lat' dir='ltr'><strong>Generalis,</strong></span> <span class='ocrx_word' id='word_1_246' title='bbox 2862 4239 3068 4306; x_wconf 85' lang='lat' dir='ltr'><strong>quam</strong></span> 
     </span>
     <span class='ocr_line' id='line_1_38' title="bbox 834 4328 1813 4415; baseline -0.004 -18"><span class='ocrx_word' id='word_1_247' title='bbox 834 4328 1212 4415; x_wconf 87' lang='lat' dir='ltr'><strong>Hispanici</strong></span> <span class='ocrx_word' id='word_1_248' title='bbox 1249 4329 1813 4394; x_wconf 87' lang='lat' dir='ltr'><strong>recensebimus:</strong></span> 
     </span>
    </p>
   </div>
  </div>
 </body>
</html>
