3332 5100
1723 356 2035 446 ,96-

764 529 945 597 siliis
978 535 1051 598 et
1074 533 1453 598 sententiis
1482 536 1858 598 uterentur
1886 531 1978 596 ad
2005 532 2405 616 pleniorem
2429 531 2988 595 iilustrationem

765 656 896 722 pro
932 639 1299 704 solvendis
1335 641 1556 704 totius
1594 639 1968 704 Ecclesiae
2006 639 2530 704 controversiis
2589 642 2804 721 atque
2831 653 2988 720 gra-

764 745 1086 812 vioribus
1120 747 1430 830 negotiis
1457 747 1595 810 rite
1630 746 2126 829 expediendis.

940 853 1331 935 Triplicem
1366 857 1681 918 aetatem
1719 853 2162 933 distinguere
2196 856 2482 936 oportet
2516 853 2590 917 in
2637 851 2990 933 hujusmo-

765 961 836 1026 di
868 959 1243 1025 Pontificio
1278 959 1572 1040 Senatu,
1612 977 1896 1042 nempe;
1938 961 2078 1024 Lm
2112 960 2204 1024 ab
2237 959 2444 1023 initio
2479 959 2854 1023 Ecclesiae
2887 976 2991 1022 us-

764 1086 902 1151 que
931 1067 1023 1132 ad
1056 1067 1425 1131 saeculum
1452 1066 1617 1148 ΧΙΙ;
1655 1067 1800 1130 2.ειῐΙΙι
1826 1085 1869 1130 a
1905 1068 2198 1130 saeculo
2237 1065 2379 1130 XII
2408 1066 2500 1130 ad
2553 1065 2748 1147 XVI3
2785 1067 2930 1129 33⁴m
2953 1083 2995 1128 a

762 1173 933 1240 XVI
966 1173 1257 1237 saeculo
1294 1173 1388 1237 ad
1412 1178 1661 1237 nostra
1684 1177 2038 1256 tempora,
2075 1189 2262 1256 quae
2284 1173 2574 1255 quidem
2607 1174 2994 1238 historicae

763 1281 1044 1364 periodi
1080 1282 1555 1346 communiter
1591 1287 1949 1346 vocantur
1985 1284 2188 1345 aetas
2234 1279 2694 1347 Conciliorum
2747 1283 2992 1348 Roma·

762 1410 1028 1471 norum,
1058 1393 1261 1452 aetas
1294 1387 1702 1456 Consistorii
1737 1393 1955 1471 atque
1983 1395 2186 1452 aetas
2219 1386 2862 1474 Gonqreyationnm.

943 1494 1187 1578 Usque
1222 1495 1314 1558 ad
1336 1496 1708 1559 saeculum
1745 1495 1884 1559 XII
1919 1495 2224 1559 Romani
2286 1494 2672 1560 Pontifices
2739 1513 2997 1560 causas

762 1603 987 1668 totius
1022 1602 1399 1668 Ecclesiae
1423 1603 1856 1685 judicabant
1909 1603 1983 1666 in
2021 1601 2363 1667 Conciliis
2417 1603 2785 1685 Romanis,
2851 1603 2994 1686 qui-

762 1711 895 1776 bus
924 1710 1329 1775 intererant
1353 1709 1734 1791 Episcopis
1774 1710 2260 1775 suburbicarii
2313 1715 2388 1775 et
2419 1710 2546 1774 alii
2595 1728 2760 1774 eum
2805 1729 2997 1793 pres-

763 1817 1039 1906 BYteris
1077 1821 1149 1881 et
1182 1817 1505 1881 diaconis
1569 1815 1946 1881 Ecclesiae
2008 1817 2400 1900 Romanae3
2467 1833 2626 1882 cum
2675 1835 2858 1883 vero
2915 1818 3001 1882 de

764 1925 1074 2007 negotiis
1110 1923 1485 1988 Ecclesiae
1518 1923 1826 1986 Italicae
1859 1926 2240 2007 agebatur,
2273 1923 2564 1989 Clerum
2604 1924 3001 1990 Romanum

766 2033 1265 2112 consulebant3
1304 2029 1365 2094 si
1397 2049 1514 2096 res
1550 2033 1831 2094 tantum
1867 2031 1958 2094 ad
1981 2031 2250 2096 Urbem
2284 2032 2555 2097 Romae
2584 2019 3000 2116 spectantes

764 2143 1088 2202 tractare
1108 2137 1479 2219 deberent,
1520 2136 1947 2220 Cappellam
1987 2137 2440 2203 Pontifieiam
2504 2140 2758 2204 audire
2821 2140 3000 2204 sole-

765 2245 965 2310 bant.
1009 2245 1069 2310 A
1102 2244 1394 2309 saeculo
1431 2247 1674 2310 autem
1709 2245 1873 2328 XII,
1913 2249 2288 2310 crescente
2325 2264 2622 2311 numero
2680 2246 3002 2312 fidelium

767 2355 840 2416 et
864 2353 1319 2434 negotiorum
1354 2351 1446 2416 ad
1481 2351 1821 2416 Sanctam
1857 2351 2113 2416 Sedem
2148 2353 2662 2418 confluentium
2702 2354 3000 2419 vicinio-

765 2477 882 2526 res
918 2460 1285 2544 Episcopi,
1318 2458 1792 2525 Dioecesibus
1825 2460 2344 2526 suburbicariis
2367 2461 2758 2544 appellatis
2791 2479 2999 2545 prae-

763 2572 965 2653 fecti,
996 2572 1265 2635 Romae
1331 2570 1655 2635 residere
1713 2573 2113 2652 coeperunt
2169 2574 2242 2633 et
2289 2588 2450 2634 cum
2507 2570 3002 2634 cardinalibus

690 2764 697 2769 ἢ
765 2680 1213 2763 presbyteris
1249 2682 1322 2743 et
1347 2678 1674 2743 diaconis
1708 2678 2001 2744 Sacrum
2035 2676 2406 2763 Colleyium
2438 2678 2994 2759 constituerunt,

766 2787 956 2870 quod
989 2788 1378 2869 imaginem
1416 2786 1707 2851 concilii
1741 2802 1919 2867 prae
1980 2803 2058 2849 se
2122 2786 2390 2867 ferenS,
2432 2785 2670 2850 evasit
2712 2785 2999 2849 ordina-

763 2896 950 2960 rium
971 2892 1240 2959 Summi
1272 2893 1639 2958 Pontii-icis
1673 2893 2053 2958 consilium
2096 2895 2223 2957 aut
2256 2896 2576 2973 senatus»,
2617 2897 2689 2957 et
2713 2894 3005 2957 nomine

771 3001 1176 3071 Consistorii
1214 3000 1709 3065 Cardinalium
1774 2999 2310 3082 quamplurima
2365 3000 2659 3083 negotia
2704 3017 3002 3083 cognos-

768 3108 981 3173 cebat
1020 3111 1240 3189 atque
1259 3107 1661 3190 Judicabat.

947 3214 1249 3278 Demum
1286 3215 1577 3278 saeculo
1611 3214 1807 3296 XVI,
1845 3214 2080 3278 adhuc
2112 3213 2186 3277 in
2222 3212 2374 3277 dies
2407 3219 2784 3279 crescente
2833 3213 3002 3279 mul-

769 3320 1075 3385 titudine
1105 3337 1489 3385 causarum
1517 3320 1611 3397 ‚ad
1636 3320 1928 3387 Curiam
1947 3320 2346 3385 Romanam
2369 3320 2906 3404 devolutarum,
2937 3324 3005 3385 et

769 3410 929 3492 cum
968 3426 1488 3494 Consistorium
1517 3431 1669 3510 jam
1706 3448 1852 3493 non
1886 3429 2256 3492 sufficeret
2289 3427 2382 3491 ad
2449 3432 2655 3493 tanta
2712 3432 3004 3511 tamque

768 3535 1208 3617 gravissima
1273 3554 1362 3600 ex
1401 3541 1549 3601 toto
1618 3537 1794 3601 orbe
1857 3536 2251 3600 christiano
2321 3536 2616 3617 negotia
2668 3537 2873 3601 recte
2937 3538 3005 3599 et

769 3642 1105 3723 prompte
1141 3641 1621 3724 expedienda,
1660 3641 2048 3706 Pontifices
2076 3642 2398 3723 Maximi,
2435 3659 2567 3724 pro
2603 3641 3006 3705 ordinanda

768 3749 1423 3833 administratione,
1486 3750 1738 3817 varias
1807 3748 2304 3815 Cardinalium
2385 3748 3006 3833 congregationes

768 3856 1258 3940 instituerunt,
1290 3876 1595 3940 quarum
1636 3876 2004 3941 numerus,
2061 3858 2544 3940 praestantia,
2576 3874 2878 3922 munera
2907 3859 3004 3919 at-

770 3982 909 4047 que
929 3966 1099 4046 jura
1132 3967 1205 4030 in
1242 3966 1481 4031 causis
1514 3965 2038 4031 ecclesiasticis
2074 3966 2267 4050 apud
2291 3964 2336 4031 J
2339 3964 2487 4030 uris
2509 3962 2795 4031 Privati
2821 3969 3004 4029 trao-

769 4076 1043 4139 tatores
1078 4072 1313 4137 videri
1340 4077 1668 4159 possunt.
