<?xml version="1.0" encoding="UTF-8"?>
<!DOCTYPE html PUBLIC "-//W3C//DTD XHTML 1.0 Transitional//EN"
    "http://www.w3.org/TR/xhtml1/DTD/xhtml1-transitional.dtd">
<html xmlns="http://www.w3.org/1999/xhtml" xml:lang="en" lang="en">
 <head>
  <title>
</title>
<meta http-equiv="Content-Type" content="text/html;charset=utf-8" />
  <meta name='ocr-system' content='tesseract 3.04.00' />
  <meta name='ocr-capabilities' content='ocr_page ocr_carea ocr_par ocr_line ocrx_word'/>
</head>
<body>
  <div class='ocr_page' id='page_1' title='image "./introductioinju00ferngoog_0094.png"; bbox 0 0 3332 5100; ppageno 0'>
   <div class='ocr_carea' id='block_1_1' title="bbox 1651 332 1966 396">
    <p class='ocr_par' dir='ltr' id='par_1_1' title="bbox 1651 332 1966 396">
     <span class='ocr_line' id='line_1_1' title="bbox 1651 332 1966 396; baseline 0 -14"><span class='ocrx_word' id='word_1_1' title='bbox 1651 332 1966 396; x_wconf 68' lang='lat'>...74-</span> 
     </span>
    </p>
   </div>
   <div class='ocr_carea' id='block_1_2' title="bbox 683 476 2968 4325">
    <p class='ocr_par' dir='ltr' id='par_1_2' title="bbox 691 476 2943 1204">
     <span class='ocr_line' id='line_1_2' title="bbox 691 476 2940 564; baseline -0 -18"><span class='ocrx_word' id='word_1_2' title='bbox 691 484 1017 546; x_wconf 85' lang='lat' dir='ltr'><strong>tractare</strong></span> <span class='ocrx_word' id='word_1_3' title='bbox 1040 479 1497 564; x_wconf 86' lang='lat' dir='ltr'><strong>studuerunt,</strong></span> <span class='ocrx_word' id='word_1_4' title='bbox 1522 480 1852 546; x_wconf 88' lang='lat' dir='ltr'><strong>omnibus</strong></span> <span class='ocrx_word' id='word_1_5' title='bbox 1869 480 2179 546; x_wconf 78' lang='lat' dir='ltr'><strong>forsitan</strong></span> <span class='ocrx_word' id='word_1_6' title='bbox 2211 476 2682 563; x_wconf 77' lang='lat' dir='ltr'><strong>simplicitate</strong></span> <span class='ocrx_word' id='word_1_7' title='bbox 2715 481 2940 562; x_wconf 88' lang='lat' dir='ltr'><strong>atque</strong></span> 
     </span>
     <span class='ocr_line' id='line_1_3' title="bbox 694 586 2942 671; baseline -0 -19"><span class='ocrx_word' id='word_1_8' title='bbox 694 588 945 652; x_wconf 79' lang='lat' dir='ltr'><strong>ordine</strong></span> <span class='ocrx_word' id='word_1_9' title='bbox 963 591 1292 671; x_wconf 76' lang='lat' dir='ltr'><strong>praestat</strong></span> <span class='ocrx_word' id='word_1_10' title='bbox 1312 587 1769 653; x_wconf 86' lang='lat' dir='ltr'><strong>doctissimus</strong></span> <span class='ocrx_word' id='word_1_11' title='bbox 1801 586 2180 653; x_wconf 80' lang='lat' dir='ltr'><strong>canonista</strong></span> <span class='ocrx_word' id='word_1_12' title='bbox 2209 586 2622 653; x_wconf 83' lang='lat' dir='ltr'><strong>Ludovicus</strong></span> <span class='ocrx_word' id='word_1_13' title='bbox 2648 586 2942 670; x_wconf 81' lang='lat' dir='ltr'><strong>Hugue-</strong></span> 
     </span>
     <span class='ocr_line' id='line_1_4' title="bbox 694 691 2940 777; baseline -0.001 -19"><span class='ocrx_word' id='word_1_14' title='bbox 694 695 865 776; x_wconf 88' lang='lat' dir='ltr'><strong>nim,</strong></span> <span class='ocrx_word' id='word_1_15' title='bbox 897 694 1019 776; x_wconf 88' lang='lat' dir='ltr'><strong>qui</strong></span> <span class='ocrx_word' id='word_1_16' title='bbox 1053 694 1157 758; x_wconf 87' lang='lat' dir='ltr'><strong>ita</strong></span> <span class='ocrx_word' id='word_1_17' title='bbox 1183 694 1567 777; x_wconf 82' lang='lat' dir='ltr'><strong>praeclare</strong></span> <span class='ocrx_word' id='word_1_18' title='bbox 1597 694 1890 776; x_wconf 88' lang='lat' dir='ltr'><strong>regulas</strong></span> <span class='ocrx_word' id='word_1_19' title='bbox 1928 694 2370 759; x_wconf 81' lang='lat' dir='ltr'><strong>doctrinales</strong></span> <span class='ocrx_word' id='word_1_20' title='bbox 2396 691 2940 776; x_wconf 87' lang='lat' dir='ltr'><strong>interpretatio-</strong></span> 
     </span>
     <span class='ocr_line' id='line_1_5' title="bbox 693 799 2943 883; baseline -0.001 -17"><span class='ocrx_word' id='word_1_21' title='bbox 693 802 805 866; x_wconf 85' lang='lat' dir='ltr'><strong>nis</strong></span> <span class='ocrx_word' id='word_1_22' title='bbox 836 805 1173 865; x_wconf 83' lang='lat' dir='ltr'><strong>recenset</strong></span> <span class='ocrx_word' id='word_1_23' title='bbox 1206 805 1280 865; x_wconf 88' lang='lat' dir='ltr'><strong>et</strong></span> <span class='ocrx_word' id='word_1_24' title='bbox 1314 801 1638 883; x_wconf 84' lang='lat' dir='ltr'><strong>exponit,</strong></span> <span class='ocrx_word' id='word_1_25' title='bbox 1677 803 1756 864; x_wconf 91' lang='lat' dir='ltr'><strong>ut</strong></span> <span class='ocrx_word' id='word_1_26' title='bbox 1789 801 2197 866; x_wconf 83' lang='lat' dir='ltr'><strong>doctrinam</strong></span> <span class='ocrx_word' id='word_1_27' title='bbox 2257 800 2470 882; x_wconf 89' lang='lat' dir='ltr'><strong>hujus</strong></span> <span class='ocrx_word' id='word_1_28' title='bbox 2518 799 2943 882; x_wconf 86' lang='lat' dir='ltr'><strong>peritissimi</strong></span> 
     </span>
     <span class='ocr_line' id='line_1_6' title="bbox 692 906 2942 990; baseline 0 -18"><span class='ocrx_word' id='word_1_29' title='bbox 692 908 836 972; x_wconf 82' lang='lat' dir='ltr'><strong>viri</strong></span> <span class='ocrx_word' id='word_1_30' title='bbox 863 907 1205 990; x_wconf 81' lang='lat' dir='ltr'><strong>amplecti</strong></span> <span class='ocrx_word' id='word_1_31' title='bbox 1240 911 1314 971; x_wconf 88' lang='lat' dir='ltr'><strong>et</strong></span> <span class='ocrx_word' id='word_1_32' title='bbox 1345 907 1762 972; x_wconf 85' lang='lat' dir='ltr'><strong>describere</strong></span> <span class='ocrx_word' id='word_1_33' title='bbox 1799 907 2091 972; x_wconf 90' lang='lat' dir='ltr'><strong>minime</strong></span> <span class='ocrx_word' id='word_1_34' title='bbox 2126 907 2564 985; x_wconf 86' lang='lat' dir='ltr'><strong>dubitamus,</strong></span> <span class='ocrx_word' id='word_1_35' title='bbox 2599 906 2942 989; x_wconf 87' lang='lat' dir='ltr'><strong>quamvis</strong></span> 
     </span>
     <span class='ocr_line' id='line_1_7' title="bbox 692 1014 2942 1097; baseline 0 -19"><span class='ocrx_word' id='word_1_36' title='bbox 692 1031 825 1097; x_wconf 90' lang='lat' dir='ltr'><strong>pro</strong></span> <span class='ocrx_word' id='word_1_37' title='bbox 863 1014 1211 1080; x_wconf 89' lang='lat' dir='ltr'><strong>memoria</strong></span> <span class='ocrx_word' id='word_1_38' title='bbox 1266 1018 1605 1096; x_wconf 86' lang='lat' dir='ltr'><strong>tyronum</strong></span> <span class='ocrx_word' id='word_1_39' title='bbox 1647 1014 2002 1096; x_wconf 87' lang='lat' dir='ltr'><strong>juvanda,</strong></span> <span class='ocrx_word' id='word_1_40' title='bbox 2041 1015 2203 1096; x_wconf 86' lang='lat' dir='ltr'><strong>ipsa</strong></span> <span class='ocrx_word' id='word_1_41' title='bbox 2245 1014 2563 1097; x_wconf 84' lang='lat' dir='ltr'><strong>praefati</strong></span> <span class='ocrx_word' id='word_1_42' title='bbox 2619 1015 2942 1079; x_wconf 87' lang='lat' dir='ltr'><strong>auctoris</strong></span> 
     </span>
     <span class='ocr_line' id='line_1_8' title="bbox 692 1121 2684 1204; baseline 0 -18"><span class='ocrx_word' id='word_1_43' title='bbox 692 1121 1056 1204; x_wconf 88' lang='lat' dir='ltr'><strong>principia</strong></span> <span class='ocrx_word' id='word_1_44' title='bbox 1089 1121 1328 1187; x_wconf 86' lang='lat' dir='ltr'><strong>adhuc</strong></span> <span class='ocrx_word' id='word_1_45' title='bbox 1361 1122 1579 1186; x_wconf 89' lang='lat' dir='ltr'><strong>etiam</strong></span> <span class='ocrx_word' id='word_1_46' title='bbox 1605 1123 1682 1186; x_wconf 91' lang='lat' dir='ltr'><strong>in</strong></span> <span class='ocrx_word' id='word_1_47' title='bbox 1708 1122 2212 1204; x_wconf 88' lang='lat' dir='ltr'><strong>compendium</strong></span> <span class='ocrx_word' id='word_1_48' title='bbox 2246 1123 2684 1204; x_wconf 85' lang='lat' dir='ltr'><strong>redigemus.</strong></span> 
     </span>
    </p>

    <p class='ocr_par' dir='ltr' id='par_1_3' title="bbox 692 1228 2940 1418">
     <span class='ocr_line' id='line_1_9' title="bbox 872 1228 2940 1314; baseline 0.001 -22"><span class='ocrx_word' id='word_1_49' title='bbox 872 1228 982 1292; x_wconf 85' lang='lat'><strong>64.</strong></span> <span class='ocrx_word' id='word_1_50' title='bbox 1076 1228 1163 1293; x_wconf 91' lang='lat' dir='ltr'><strong>In</strong></span> <span class='ocrx_word' id='word_1_51' title='bbox 1196 1229 1521 1311; x_wconf 88' lang='lat' dir='ltr'><strong>qualibet</strong></span> <span class='ocrx_word' id='word_1_52' title='bbox 1550 1228 2156 1310; x_wconf 75' lang='lat' dir='ltr'><strong>interpretatione</strong></span> <span class='ocrx_word' id='word_1_53' title='bbox 2189 1231 2338 1294; x_wconf 88' lang='lat' dir='ltr'><strong>tres</strong></span> <span class='ocrx_word' id='word_1_54' title='bbox 2394 1229 2690 1310; x_wconf 85' lang='lat' dir='ltr'><strong>regulas</strong></span> <span class='ocrx_word' id='word_1_55' title='bbox 2745 1249 2940 1314; x_wconf 72' lang='lat' dir='ltr'><strong>yene-</strong></span> 
     </span>
     <span class='ocr_line' id='line_1_10' title="bbox 692 1322 2388 1418; baseline 0 -17"><span class='ocrx_word' id='word_1_56' title='bbox 692 1336 883 1401; x_wconf 78' lang='lat' dir='ltr'><strong>ralee</strong></span> <span class='ocrx_word' id='word_1_57' title='bbox 917 1340 1086 1400; x_wconf 88' lang='lat' dir='ltr'><strong>ante</strong></span> <span class='ocrx_word' id='word_1_58' title='bbox 1114 1336 1359 1400; x_wconf 84' lang='lat' dir='ltr'><strong>omnia</strong></span> <span class='ocrx_word' id='word_1_59' title='bbox 1392 1336 1796 1400; x_wconf 86' lang='lat' dir='ltr'><strong>observare</strong></span> <span class='ocrx_word' id='word_1_60' title='bbox 1829 1339 2140 1418; x_wconf 89' lang='lat' dir='ltr'><strong>oportet:</strong></span> <span class='ocrx_word' id='word_1_61' title='bbox 2383 1322 2388 1326; x_wconf 63' lang='grc'>’</span> 
     </span>
    </p>

    <p class='ocr_par' dir='ltr' id='par_1_4' title="bbox 683 1442 2946 1744">
     <span class='ocr_line' id='line_1_11' title="bbox 876 1442 2940 1529; baseline -0.001 -21"><span class='ocrx_word' id='word_1_62' title='bbox 876 1443 981 1508; x_wconf 64' lang='lat' dir='ltr'><strong>La</strong></span> <span class='ocrx_word' id='word_1_63' title='bbox 1068 1442 1561 1527; x_wconf 76' lang='lat' dir='ltr'><strong>Interpretatio</strong></span> <span class='ocrx_word' id='word_1_64' title='bbox 1586 1443 1756 1529; x_wconf 72' lang='lat' dir='ltr'><strong>leqis</strong></span> <span class='ocrx_word' id='word_1_65' title='bbox 1782 1444 1986 1527; x_wconf 72' lang='lat' dir='ltr'><strong>juoeta</strong></span> <span class='ocrx_word' id='word_1_66' title='bbox 2013 1449 2300 1509; x_wconf 78' lang='lat' dir='ltr'><strong>mentem</strong></span> <span class='ocrx_word' id='word_1_67' title='bbox 2324 1442 2746 1529; x_wconf 70' lang='lat' dir='ltr'><strong>leqislatoris</strong></span> <span class='ocrx_word' id='word_1_68' title='bbox 2769 1462 2940 1507; x_wconf 79' lang='lat' dir='ltr'><strong>sem-</strong></span> 
     </span>
     <span class='ocr_line' id='line_1_12' title="bbox 683 1549 2946 1636; baseline -0.001 -22"><span class='ocrx_word' id='word_1_69' title='bbox 683 1569 819 1635; x_wconf 79' lang='lat' dir='ltr'><strong>per</strong></span> <span class='ocrx_word' id='word_1_70' title='bbox 846 1550 1181 1635; x_wconf 81' lang='lat' dir='ltr'><strong>facienda</strong></span> <span class='ocrx_word' id='word_1_71' title='bbox 1206 1558 1327 1615; x_wconf 77' lang='lat' dir='ltr'><strong>est.-</strong></span> <span class='ocrx_word' id='word_1_72' title='bbox 1360 1550 1531 1632; x_wconf 87' lang='lat' dir='ltr'><strong>quia</strong></span> <span class='ocrx_word' id='word_1_73' title='bbox 1564 1550 1870 1615; x_wconf 87' lang='lat' dir='ltr'><strong>intentio</strong></span> <span class='ocrx_word' id='word_1_74' title='bbox 1893 1549 2346 1636; x_wconf 42' lang='lat' dir='ltr'><strong>‚legislatoris</strong></span> <span class='ocrx_word' id='word_1_75' title='bbox 2381 1549 2624 1614; x_wconf 88' lang='lat' dir='ltr'><strong>anima</strong></span> <span class='ocrx_word' id='word_1_76' title='bbox 2658 1549 2842 1630; x_wconf 86' lang='lat' dir='ltr'><strong>legis</strong></span> <span class='ocrx_word' id='word_1_77' title='bbox 2871 1551 2946 1613; x_wconf 89' lang='lat' dir='ltr'><strong>et</strong></span> 
     </span>
     <span class='ocr_line' id='line_1_13' title="bbox 696 1656 2230 1744; baseline -0.001 -21"><span class='ocrx_word' id='word_1_78' title='bbox 696 1657 1163 1744; x_wconf 83' lang='lat' dir='ltr'><strong>obligationis</strong></span> <span class='ocrx_word' id='word_1_79' title='bbox 1196 1675 1539 1722; x_wconf 90' lang='lat' dir='ltr'><strong>mensura</strong></span> <span class='ocrx_word' id='word_1_80' title='bbox 1572 1656 1831 1721; x_wconf 81' lang='lat' dir='ltr'><strong>merito</strong></span> <span class='ocrx_word' id='word_1_81' title='bbox 1867 1659 2230 1722; x_wconf 88' lang='lat' dir='ltr'><strong>censetur.</strong></span> 
     </span>
    </p>

    <p class='ocr_par' dir='ltr' id='par_1_5' title="bbox 696 1765 2949 2474">
     <span class='ocr_line' id='line_1_14' title="bbox 876 1765 2945 1851; baseline -0.001 -21"><span class='ocrx_word' id='word_1_82' title='bbox 876 1765 984 1830; x_wconf 69' lang='grc' dir='ltr'><strong>2.ει</strong></span> <span class='ocrx_word' id='word_1_83' title='bbox 1072 1766 1531 1831; x_wconf 73' lang='lat' dir='ltr'><strong>Excludeuda</strong></span> <span class='ocrx_word' id='word_1_84' title='bbox 1557 1773 1656 1830; x_wconf 77' lang='lat' dir='ltr'><strong>est</strong></span> <span class='ocrx_word' id='word_1_85' title='bbox 1691 1766 2190 1851; x_wconf 74' lang='lat' dir='ltr'><strong>interpretatio,</strong></span> <span class='ocrx_word' id='word_1_86' title='bbox 2227 1786 2315 1830; x_wconf 80' lang='lat' dir='ltr'><strong>ea&gt;</strong></span> <span class='ocrx_word' id='word_1_87' title='bbox 2363 1784 2498 1849; x_wconf 82' lang='lat' dir='ltr'><strong>qua</strong></span> <span class='ocrx_word' id='word_1_88' title='bbox 2541 1771 2945 1850; x_wconf 78' lang='lat' dir='ltr'><strong>sequeretur</strong></span> 
     </span>
     <span class='ocr_line' id='line_1_15' title="bbox 696 1872 2944 1958; baseline 0 -22"><span class='ocrx_word' id='word_1_89' title='bbox 696 1872 1091 1956; x_wconf 77' lang='lat' dir='ltr'><strong>absurdum,</strong></span> <span class='ocrx_word' id='word_1_90' title='bbox 1126 1874 1481 1957; x_wconf 74' lang='lat' dir='ltr'><strong>iniquitas,</strong></span> <span class='ocrx_word' id='word_1_91' title='bbox 1515 1875 1974 1939; x_wconf 70' lang='lat' dir='ltr'><strong>contrarietas</strong></span> <span class='ocrx_word' id='word_1_92' title='bbox 2003 1874 2248 1956; x_wconf 65' lang='lat' dir='ltr'><strong>legum,</strong></span> <span class='ocrx_word' id='word_1_93' title='bbox 2275 1872 2381 1936; x_wconf 82' lang='lat' dir='ltr'><strong>vel</strong></span> <span class='ocrx_word' id='word_1_94' title='bbox 2405 1873 2564 1956; x_wconf 77' lang='lat' dir='ltr'><strong>ipsa</strong></span> <span class='ocrx_word' id='word_1_95' title='bbox 2588 1872 2758 1958; x_wconf 75' lang='lat' dir='ltr'><strong>leyie</strong></span> <span class='ocrx_word' id='word_1_96' title='bbox 2790 1873 2944 1936; x_wconf 75' lang='lat' dir='ltr'><strong>iuu-</strong></span> 
     </span>
     <span class='ocr_line' id='line_1_16' title="bbox 696 1978 2948 2064; baseline -0.001 -20"><span class='ocrx_word' id='word_1_97' title='bbox 696 1979 947 2060; x_wconf 76' lang='lat' dir='ltr'><strong>tilitas;</strong></span> <span class='ocrx_word' id='word_1_98' title='bbox 982 1979 1153 2061; x_wconf 90' lang='lat' dir='ltr'><strong>quia</strong></span> <span class='ocrx_word' id='word_1_99' title='bbox 1170 1979 1385 2061; x_wconf 87' lang='lat' dir='ltr'><strong>juxta</strong></span> <span class='ocrx_word' id='word_1_100' title='bbox 1420 1998 1668 2045; x_wconf 89' lang='lat' dir='ltr'><strong>omnes</strong></span> <span class='ocrx_word' id='word_1_101' title='bbox 1703 1982 2012 2046; x_wconf 83' lang='lat' dir='ltr'><strong>materia</strong></span> <span class='ocrx_word' id='word_1_102' title='bbox 2035 1980 2224 2064; x_wconf 80' lang='lat' dir='ltr'><strong>legis</strong></span> <span class='ocrx_word' id='word_1_103' title='bbox 2243 1981 2461 2044; x_wconf 90' lang='lat' dir='ltr'><strong>debet</strong></span> <span class='ocrx_word' id='word_1_104' title='bbox 2487 1996 2650 2045; x_wconf 88' lang='lat' dir='ltr'><strong>esse</strong></span> <span class='ocrx_word' id='word_1_105' title='bbox 2676 1978 2948 2044; x_wconf 89' lang='lat' dir='ltr'><strong>rationi</strong></span> 
     </span>
     <span class='ocr_line' id='line_1_17' title="bbox 700 2085 2949 2172; baseline 0 -24"><span class='ocrx_word' id='word_1_106' title='bbox 700 2085 1091 2151; x_wconf 90' lang='lat' dir='ltr'><strong>conformis</strong></span> <span class='ocrx_word' id='word_1_107' title='bbox 1124 2093 1196 2151; x_wconf 88' lang='lat' dir='ltr'><strong>et</strong></span> <span class='ocrx_word' id='word_1_108' title='bbox 1226 2088 1560 2152; x_wconf 86' lang='lat' dir='ltr'><strong>societati</strong></span> <span class='ocrx_word' id='word_1_109' title='bbox 1595 2090 1816 2172; x_wconf 88' lang='lat' dir='ltr'><strong>utilis,</strong></span> <span class='ocrx_word' id='word_1_110' title='bbox 1855 2093 1927 2155; x_wconf 88' lang='lat' dir='ltr'><strong>et</strong></span> <span class='ocrx_word' id='word_1_111' title='bbox 1959 2089 2282 2171; x_wconf 87' lang='lat' dir='ltr'><strong>alioquin</strong></span> <span class='ocrx_word' id='word_1_112' title='bbox 2337 2101 2476 2152; x_wconf 87' lang='lat' dir='ltr'><strong>nec</strong></span> <span class='ocrx_word' id='word_1_113' title='bbox 2531 2086 2770 2168; x_wconf 90' lang='lat' dir='ltr'><strong>datur,</strong></span> <span class='ocrx_word' id='word_1_114' title='bbox 2807 2103 2949 2150; x_wconf 91' lang='lat' dir='ltr'><strong>nec</strong></span> 
     </span>
     <span class='ocr_line' id='line_1_18' title="bbox 700 2177 2946 2278; baseline 0 -23"><span class='ocrx_word' id='word_1_115' title='bbox 700 2191 1106 2274; x_wconf 86' lang='lat' dir='ltr'><strong>concipitur</strong></span> <span class='ocrx_word' id='word_1_116' title='bbox 1136 2194 1642 2278; x_wconf 82' lang='lat' dir='ltr'><strong>interpretatio</strong></span> <span class='ocrx_word' id='word_1_117' title='bbox 1700 2197 2168 2262; x_wconf 80' lang='lat' dir='ltr'><strong>annihilativa</strong></span> <span class='ocrx_word' id='word_1_118' title='bbox 2197 2194 2406 2276; x_wconf 87' lang='lat' dir='ltr'><strong>legis:</strong></span> <span class='ocrx_word' id='word_1_119' title='bbox 2443 2177 2613 2259; x_wconf 84' lang='lat' dir='ltr'><strong>hinc</strong></span> <span class='ocrx_word' id='word_1_120' title='bbox 2661 2190 2946 2257; x_wconf 87' lang='lat' dir='ltr'><strong>admitti</strong></span> 
     </span>
     <span class='ocr_line' id='line_1_19' title="bbox 699 2296 2946 2386; baseline 0 -24"><span class='ocrx_word' id='word_1_121' title='bbox 699 2304 1069 2382; x_wconf 89' lang='lat' dir='ltr'><strong>nequeunt</strong></span> <span class='ocrx_word' id='word_1_122' title='bbox 1099 2318 1365 2367; x_wconf 86' lang='lat' dir='ltr'><strong>causae</strong></span> <span class='ocrx_word' id='word_1_123' title='bbox 1401 2306 1838 2368; x_wconf 84' lang='lat' dir='ltr'><strong>excusantes</strong></span> <span class='ocrx_word' id='word_1_124' title='bbox 1873 2321 1916 2367; x_wconf 95' lang='lat' dir='ltr'><strong>a</strong></span> <span class='ocrx_word' id='word_1_125' title='bbox 1949 2303 2114 2386; x_wconf 87' lang='lat' dir='ltr'><strong>lege</strong></span> <span class='ocrx_word' id='word_1_126' title='bbox 2140 2302 2401 2384; x_wconf 74' lang='lat' dir='ltr'><strong>jeJunii</strong></span> <span class='ocrx_word' id='word_1_127' title='bbox 2450 2318 2699 2366; x_wconf 90' lang='lat' dir='ltr'><strong>omnes</strong></span> <span class='ocrx_word' id='word_1_128' title='bbox 2759 2296 2946 2365; x_wconf 83' lang='lat' dir='ltr'><strong>chri-</strong></span> 
     </span>
     <span class='ocr_line' id='line_1_20' title="bbox 700 2406 1001 2474; baseline 0.01 -5"><span class='ocrx_word' id='word_1_129' title='bbox 700 2406 1001 2474; x_wconf 63' lang='lat' dir='ltr'><strong>suanos,</strong></span> 
     </span>
    </p>

    <p class='ocr_par' dir='ltr' id='par_1_6' title="bbox 693 2513 2956 3244">
     <span class='ocr_line' id='line_1_21' title="bbox 878 2513 2947 2604; baseline 0.002 -25"><span class='ocrx_word' id='word_1_130' title='bbox 878 2513 984 2579; x_wconf 59' lang='lat'><strong>33⁸</strong></span> <span class='ocrx_word' id='word_1_131' title='bbox 1070 2515 1407 2600; x_wconf 75' lang='lat' dir='ltr'><strong>Eaeeeptio</strong></span> <span class='ocrx_word' id='word_1_132' title='bbox 1442 2539 1485 2583; x_wconf 88' lang='lat' dir='ltr'><strong>a</strong></span> <span class='ocrx_word' id='word_1_133' title='bbox 1517 2518 1758 2604; x_wconf 73' lang='lat' dir='ltr'><strong>reyula</strong></span> <span class='ocrx_word' id='word_1_134' title='bbox 1791 2524 1932 2595; x_wconf 78' lang='lat' dir='ltr'><strong>tres</strong></span> <span class='ocrx_word' id='word_1_135' title='bbox 1951 2519 2375 2603; x_wconf 76' lang='lat' dir='ltr'><strong>praecipuos</strong></span> <span class='ocrx_word' id='word_1_136' title='bbox 2410 2517 2745 2603; x_wconf 76' lang='lat' dir='ltr'><strong>producit</strong></span> <span class='ocrx_word' id='word_1_137' title='bbox 2777 2517 2947 2603; x_wconf 78' lang='lat' dir='ltr'><strong>effe-</strong></span> 
     </span>
     <span class='ocr_line' id='line_1_22' title="bbox 700 2626 2951 2715; baseline 0.002 -28"><span class='ocrx_word' id='word_1_138' title='bbox 700 2630 869 2706; x_wconf 74' lang='lat' dir='ltr'><strong>ctus,</strong></span> <span class='ocrx_word' id='word_1_139' title='bbox 902 2645 1159 2709; x_wconf 78' lang='lat' dir='ltr'><strong>nempe,</strong></span> <span class='ocrx_word' id='word_1_140' title='bbox 1182 2627 1561 2711; x_wconf 67' lang='lat' dir='ltr'><strong>restriuqit,</strong></span> <span class='ocrx_word' id='word_1_141' title='bbox 1588 2627 2006 2692; x_wconf 82' lang='lat' dir='ltr'><strong>declaratae</strong></span> <span class='ocrx_word' id='word_1_142' title='bbox 2033 2629 2272 2715; x_wconf 87' lang='lat' dir='ltr'><strong>firmat</strong></span> <span class='ocrx_word' id='word_1_143' title='bbox 2297 2626 2634 2713; x_wconf 76' lang='lat' dir='ltr'><strong>reyulam,·</strong></span> <span class='ocrx_word' id='word_1_144' title='bbox 2659 2627 2951 2691; x_wconf 73' lang='lat' dir='ltr'><strong>restriu-</strong></span> 
     </span>
     <span class='ocr_line' id='line_1_23' title="bbox 698 2732 2951 2820; baseline 0 -23"><span class='ocrx_word' id='word_1_145' title='bbox 698 2733 816 2817; x_wconf 79' lang='lat' dir='ltr'><strong>9it,</strong></span> <span class='ocrx_word' id='word_1_146' title='bbox 852 2750 1021 2797; x_wconf 86' lang='lat' dir='ltr'><strong>nam</strong></span> <span class='ocrx_word' id='word_1_147' title='bbox 1058 2732 1573 2797; x_wconf 83' lang='lat' dir='ltr'><strong>universalitas</strong></span> <span class='ocrx_word' id='word_1_148' title='bbox 1599 2733 1784 2816; x_wconf 87' lang='lat' dir='ltr'><strong>legis</strong></span> <span class='ocrx_word' id='word_1_149' title='bbox 1811 2733 2054 2799; x_wconf 89' lang='lat' dir='ltr'><strong>deficit</strong></span> <span class='ocrx_word' id='word_1_150' title='bbox 2077 2751 2206 2799; x_wconf 90' lang='lat' dir='ltr'><strong>seu</strong></span> <span class='ocrx_word' id='word_1_151' title='bbox 2231 2735 2506 2817; x_wconf 83' lang='lat' dir='ltr'><strong>patitur</strong></span> <span class='ocrx_word' id='word_1_152' title='bbox 2523 2733 2951 2820; x_wconf 72' lang='lat' dir='ltr'><strong>fallentium,</strong></span> 
     </span>
     <span class='ocr_line' id='line_1_24' title="bbox 702 2839 2952 2924; baseline 0.002 -23"><span class='ocrx_word' id='word_1_153' title='bbox 702 2841 1042 2921; x_wconf 89' lang='lat' dir='ltr'><strong>respectu</strong></span> <span class='ocrx_word' id='word_1_154' title='bbox 1082 2856 1292 2904; x_wconf 88' lang='lat' dir='ltr'><strong>casus</strong></span> <span class='ocrx_word' id='word_1_155' title='bbox 1351 2839 1668 2923; x_wconf 87' lang='lat' dir='ltr'><strong>excepti:</strong></span> <span class='ocrx_word' id='word_1_156' title='bbox 1731 2842 2061 2924; x_wconf 82' lang='lat' dir='ltr'><strong>declarat,</strong></span> <span class='ocrx_word' id='word_1_157' title='bbox 2119 2841 2387 2905; x_wconf 90' lang='lat' dir='ltr'><strong>etenim</strong></span> <span class='ocrx_word' id='word_1_158' title='bbox 2447 2840 2952 2922; x_wconf 88' lang='lat' dir='ltr'><strong>definit-atque</strong></span> 
     </span>
     <span class='ocr_line' id='line_1_25' title="bbox 702 2947 2950 3032; baseline 0 -21"><span class='ocrx_word' id='word_1_159' title='bbox 702 2947 1077 3029; x_wconf 87' lang='lat' dir='ltr'><strong>specificat</strong></span> <span class='ocrx_word' id='word_1_160' title='bbox 1112 2965 1263 3011; x_wconf 91' lang='lat' dir='ltr'><strong>rem</strong></span> <span class='ocrx_word' id='word_1_161' title='bbox 1321 2947 1904 3031; x_wconf 86' lang='lat' dir='ltr'><strong>determinatam,</strong></span> <span class='ocrx_word' id='word_1_162' title='bbox 1943 2949 2031 3013; x_wconf 89' lang='lat' dir='ltr'><strong>de</strong></span> <span class='ocrx_word' id='word_1_163' title='bbox 2089 2966 2235 3032; x_wconf 89' lang='lat' dir='ltr'><strong>qua</strong></span> <span class='ocrx_word' id='word_1_164' title='bbox 2288 2948 2606 3032; x_wconf 90' lang='lat' dir='ltr'><strong>loquitur</strong></span> <span class='ocrx_word' id='word_1_165' title='bbox 2662 2947 2950 3031; x_wconf 81' lang='lat' dir='ltr'><strong>regula3</strong></span> 
     </span>
     <span class='ocr_line' id='line_1_26' title="bbox 693 3053 2956 3141; baseline 0.001 -24"><span class='ocrx_word' id='word_1_166' title='bbox 693 3054 933 3141; x_wconf 83' lang='lat' dir='ltr'><strong>firmat</strong></span> <span class='ocrx_word' id='word_1_167' title='bbox 964 3053 1297 3137; x_wconf 88' lang='lat' dir='ltr'><strong>denique,</strong></span> <span class='ocrx_word' id='word_1_168' title='bbox 1336 3055 1677 3137; x_wconf 89' lang='lat' dir='ltr'><strong>quoniam</strong></span> <span class='ocrx_word' id='word_1_169' title='bbox 1712 3073 1924 3121; x_wconf 86' lang='lat' dir='ltr'><strong>casus</strong></span> <span class='ocrx_word' id='word_1_170' title='bbox 1963 3074 2108 3121; x_wconf 92' lang='lat' dir='ltr'><strong>non</strong></span> <span class='ocrx_word' id='word_1_171' title='bbox 2143 3056 2433 3139; x_wconf 89' lang='lat' dir='ltr'><strong>excepti</strong></span> <span class='ocrx_word' id='word_1_172' title='bbox 2491 3073 2576 3121; x_wconf 89' lang='lat' dir='ltr'><strong>eo</strong></span> <span class='ocrx_word' id='word_1_173' title='bbox 2623 3055 2782 3138; x_wconf 90' lang='lat' dir='ltr'><strong>ipso</strong></span> <span class='ocrx_word' id='word_1_174' title='bbox 2817 3054 2956 3119; x_wconf 88' lang='lat' dir='ltr'><strong>sub</strong></span> 
     </span>
     <span class='ocr_line' id='line_1_27' title="bbox 701 3161 1928 3244; baseline 0.004 -20"><span class='ocrx_word' id='word_1_175' title='bbox 701 3161 959 3243; x_wconf 89' lang='lat' dir='ltr'><strong>regula</strong></span> <span class='ocrx_word' id='word_1_176' title='bbox 988 3161 1493 3244; x_wconf 88' lang='lat' dir='ltr'><strong>comprehensi</strong></span> <span class='ocrx_word' id='word_1_177' title='bbox 1518 3166 1893 3244; x_wconf 86' lang='lat' dir='ltr'><strong>putantur.</strong></span> <span class='ocrx_word' id='word_1_178' title='bbox 1921 3228 1928 3233; x_wconf 86' lang='grc'><strong>,</strong></span> 
     </span>
    </p>

    <p class='ocr_par' dir='ltr' id='par_1_7' title="bbox 882 3267 2596 3352">
     <span class='ocr_line' id='line_1_28' title="bbox 882 3267 2596 3352; baseline 0.001 -21"><span class='ocrx_word' id='word_1_179' title='bbox 882 3267 992 3332; x_wconf 84' lang='lat'><strong>65.</strong></span> <span class='ocrx_word' id='word_1_180' title='bbox 1088 3268 1409 3349; x_wconf 89' lang='lat' dir='ltr'><strong>Regulae</strong></span> <span class='ocrx_word' id='word_1_181' title='bbox 1440 3268 2066 3352; x_wconf 88' lang='lat' dir='ltr'><strong>interpretationis</strong></span> <span class='ocrx_word' id='word_1_182' title='bbox 2101 3269 2596 3342; x_wconf 80' lang='lat' dir='ltr'><strong>declarativae:</strong></span> 
     </span>
    </p>

    <p class='ocr_par' dir='ltr' id='par_1_8' title="bbox 703 3371 2962 4001">
     <span class='ocr_line' id='line_1_29' title="bbox 883 3371 2952 3459; baseline -0.001 -21"><span class='ocrx_word' id='word_1_183' title='bbox 883 3373 991 3438; x_wconf 59' lang='lat' dir='ltr'><strong>La</strong></span> <span class='ocrx_word' id='word_1_184' title='bbox 1080 3374 1575 3459; x_wconf 74' lang='lat' dir='ltr'><strong>Interpretatio</strong></span> <span class='ocrx_word' id='word_1_185' title='bbox 1622 3376 1818 3440; x_wconf 80' lang='lat' dir='ltr'><strong>debet</strong></span> <span class='ocrx_word' id='word_1_186' title='bbox 1848 3395 1992 3439; x_wconf 77' lang='lat' dir='ltr'><strong>esse</strong></span> <span class='ocrx_word' id='word_1_187' title='bbox 2034 3372 2603 3459; x_wconf 74' lang='lat' dir='ltr'><strong>yrammaticalis,</strong></span> <span class='ocrx_word' id='word_1_188' title='bbox 2638 3371 2777 3437; x_wconf 88' lang='lat' dir='ltr'><strong>hoc</strong></span> <span class='ocrx_word' id='word_1_189' title='bbox 2809 3376 2952 3456; x_wconf 84' lang='lat' dir='ltr'><strong>est,</strong></span> 
     </span>
     <span class='ocr_line' id='line_1_30' title="bbox 703 3479 2957 3565; baseline 0 -21"><span class='ocrx_word' id='word_1_190' title='bbox 703 3479 1147 3545; x_wconf 86' lang='lat' dir='ltr'><strong>attendenda</strong></span> <span class='ocrx_word' id='word_1_191' title='bbox 1173 3486 1284 3545; x_wconf 87' lang='lat' dir='ltr'><strong>est</strong></span> <span class='ocrx_word' id='word_1_192' title='bbox 1310 3480 1712 3561; x_wconf 85' lang='lat' dir='ltr'><strong>verborum·</strong></span> <span class='ocrx_word' id='word_1_193' title='bbox 1727 3482 2165 3565; x_wconf 62' lang='lat' dir='ltr'><strong>proprietate,</strong></span> <span class='ocrx_word' id='word_1_194' title='bbox 2186 3481 2356 3563; x_wconf 86' lang='lat' dir='ltr'><strong>quia</strong></span> <span class='ocrx_word' id='word_1_195' title='bbox 2371 3480 2713 3546; x_wconf 87' lang='lat' dir='ltr'><strong>voluntas</strong></span> <span class='ocrx_word' id='word_1_196' title='bbox 2740 3480 2957 3561; x_wconf 86' lang='lat' dir='ltr'><strong>legis-</strong></span> 
     </span>
     <span class='ocr_line' id='line_1_31' title="bbox 706 3588 2956 3673; baseline 0 -21"><span class='ocrx_word' id='word_1_197' title='bbox 706 3588 963 3658; x_wconf 86' lang='lat' dir='ltr'><strong>latoris</strong></span> <span class='ocrx_word' id='word_1_198' title='bbox 996 3590 1425 3673; x_wconf 86' lang='lat' dir='ltr'><strong>plerumque</strong></span> <span class='ocrx_word' id='word_1_199' title='bbox 1459 3590 1828 3673; x_wconf 88' lang='lat' dir='ltr'><strong>colligitur</strong></span> <span class='ocrx_word' id='word_1_200' title='bbox 1856 3607 1948 3655; x_wconf 88' lang='lat' dir='ltr'><strong>ex</strong></span> <span class='ocrx_word' id='word_1_201' title='bbox 1979 3589 2225 3656; x_wconf 83' lang='lat' dir='ltr'><strong>verbis</strong></span> <span class='ocrx_word' id='word_1_202' title='bbox 2253 3590 2466 3671; x_wconf 87' lang='lat' dir='ltr'><strong>juxt-a</strong></span> <span class='ocrx_word' id='word_1_203' title='bbox 2500 3606 2956 3672; x_wconf 83' lang='lat' dir='ltr'><strong>communem</strong></span> 
     </span>
     <span class='ocr_line' id='line_1_32' title="bbox 704 3690 2960 3781; baseline -0.001 -19"><span class='ocrx_word' id='word_1_204' title='bbox 704 3698 1314 3781; x_wconf 87' lang='lat' dir='ltr'><strong>significationem</strong></span> <span class='ocrx_word' id='word_1_205' title='bbox 1362 3690 1711 3781; x_wconf 84' lang='lat' dir='ltr'><strong>acceptis;</strong></span> <span class='ocrx_word' id='word_1_206' title='bbox 1751 3698 1918 3764; x_wconf 90' lang='lat' dir='ltr'><strong>hinc</strong></span> <span class='ocrx_word' id='word_1_207' title='bbox 1966 3699 2089 3763; x_wconf 86' lang='lat' dir='ltr'><strong>lex</strong></span> <span class='ocrx_word' id='word_1_208' title='bbox 2143 3696 2590 3781; x_wconf 86' lang='lat' dir='ltr'><strong>generaliter</strong></span> <span class='ocrx_word' id='word_1_209' title='bbox 2647 3696 2960 3779; x_wconf 85' lang='lat' dir='ltr'><strong>loquens</strong></span> 
     </span>
     <span class='ocr_line' id='line_1_33' title="bbox 706 3802 2962 3890; baseline -0.002 -19"><span class='ocrx_word' id='word_1_210' title='bbox 706 3808 951 3871; x_wconf 87' lang='lat' dir='ltr'><strong>omnia</strong></span> <span class='ocrx_word' id='word_1_211' title='bbox 980 3808 1393 3890; x_wconf 88' lang='lat' dir='ltr'><strong>significata</strong></span> <span class='ocrx_word' id='word_1_212' title='bbox 1442 3807 1977 3890; x_wconf 89' lang='lat' dir='ltr'><strong>complectitur,</strong></span> <span class='ocrx_word' id='word_1_213' title='bbox 2017 3805 2411 3870; x_wconf 88' lang='lat' dir='ltr'><strong>secundum</strong></span> <span class='ocrx_word' id='word_1_214' title='bbox 2457 3803 2771 3868; x_wconf 86' lang='lat' dir='ltr'><strong>axioma:</strong></span> <span class='ocrx_word' id='word_1_215' title='bbox 2819 3802 2962 3868; x_wconf 80' lang='lat' dir='ltr'><strong>Ubi</strong></span> 
     </span>
     <span class='ocr_line' id='line_1_34' title="bbox 709 3914 2638 4001; baseline -0.002 -20"><span class='ocrx_word' id='word_1_216' title='bbox 709 3916 825 3981; x_wconf 77' lang='lat' dir='ltr'><strong>lea:</strong></span> <span class='ocrx_word' id='word_1_217' title='bbox 857 3936 994 3981; x_wconf 75' lang='lat' dir='ltr'><strong>uon</strong></span> <span class='ocrx_word' id='word_1_218' title='bbox 1028 3916 1411 4001; x_wconf 74' lang='lat' dir='ltr'><strong>distinquit,</strong></span> <span class='ocrx_word' id='word_1_219' title='bbox 1445 3936 1657 4000; x_wconf 69' lang='lat' dir='ltr'><strong>raeque</strong></span> <span class='ocrx_word' id='word_1_220' title='bbox 1690 3936 1814 3981; x_wconf 76' lang='lat' dir='ltr'><strong>uos</strong></span> <span class='ocrx_word' id='word_1_221' title='bbox 1849 3914 2268 3999; x_wconf 75' lang='lat' dir='ltr'><strong>distinquere</strong></span> <span class='ocrx_word' id='word_1_222' title='bbox 2302 3914 2638 3978; x_wconf 77' lang='lat' dir='ltr'><strong>debemus.</strong></span> 
     </span>
    </p>

    <p class='ocr_par' dir='ltr' id='par_1_9' title="bbox 710 4019 2968 4325">
     <span class='ocr_line' id='line_1_35' title="bbox 886 4019 2963 4108; baseline -0 -21"><span class='ocrx_word' id='word_1_223' title='bbox 886 4024 994 4087; x_wconf 53' lang='lat'><strong>25²</strong></span> <span class='ocrx_word' id='word_1_224' title='bbox 1082 4024 1575 4108; x_wconf 71' lang='lat' dir='ltr'><strong>Interpretatio</strong></span> <span class='ocrx_word' id='word_1_225' title='bbox 1603 4024 1794 4089; x_wconf 82' lang='lat' dir='ltr'><strong>debet</strong></span> <span class='ocrx_word' id='word_1_226' title='bbox 1826 4043 1968 4088; x_wconf 75' lang='lat' dir='ltr'><strong>esse</strong></span> <span class='ocrx_word' id='word_1_227' title='bbox 1999 4022 2355 4105; x_wconf 76' lang='lat' dir='ltr'><strong>historica,</strong></span> <span class='ocrx_word' id='word_1_228' title='bbox 2381 4038 2510 4087; x_wconf 87' lang='lat' dir='ltr'><strong>seu</strong></span> <span class='ocrx_word' id='word_1_229' title='bbox 2547 4021 2742 4103; x_wconf 90' lang='lat' dir='ltr'><strong>quod</strong></span> <span class='ocrx_word' id='word_1_230' title='bbox 2766 4019 2963 4086; x_wconf 86' lang='lat' dir='ltr'><strong>idem</strong></span> 
     </span>
     <span class='ocr_line' id='line_1_36' title="bbox 710 4128 2965 4214; baseline 0.001 -20"><span class='ocrx_word' id='word_1_231' title='bbox 710 4134 842 4212; x_wconf 88' lang='lat' dir='ltr'><strong>est,</strong></span> <span class='ocrx_word' id='word_1_232' title='bbox 884 4131 1072 4196; x_wconf 89' lang='lat' dir='ltr'><strong>ratio</strong></span> <span class='ocrx_word' id='word_1_233' title='bbox 1104 4135 1507 4214; x_wconf 84' lang='lat' dir='ltr'><strong>temporum</strong></span> <span class='ocrx_word' id='word_1_234' title='bbox 1532 4130 1872 4196; x_wconf 87' lang='lat' dir='ltr'><strong>habenda</strong></span> <span class='ocrx_word' id='word_1_235' title='bbox 1903 4135 2038 4213; x_wconf 84' lang='lat' dir='ltr'><strong>est,</strong></span> <span class='ocrx_word' id='word_1_236' title='bbox 2069 4134 2219 4194; x_wconf 90' lang='lat' dir='ltr'><strong>tum</strong></span> <span class='ocrx_word' id='word_1_237' title='bbox 2252 4136 2554 4213; x_wconf 88' lang='lat' dir='ltr'><strong>propter</strong></span> <span class='ocrx_word' id='word_1_238' title='bbox 2589 4128 2965 4196; x_wconf 84' lang='lat' dir='ltr'><strong>diversam</strong></span> 
     </span>
     <span class='ocr_line' id='line_1_37' title="bbox 712 4236 2968 4325; baseline -0.001 -20"><span class='ocrx_word' id='word_1_239' title='bbox 712 4241 1074 4307; x_wconf 84' lang='lat' dir='ltr'><strong>verborum</strong></span> <span class='ocrx_word' id='word_1_240' title='bbox 1106 4240 1653 4325; x_wconf 76' lang='lat' dir='ltr'><strong>usurpationem,</strong></span> <span class='ocrx_word' id='word_1_241' title='bbox 1685 4256 1877 4322; x_wconf 86' lang='lat' dir='ltr'><strong>quae</strong></span> <span class='ocrx_word' id='word_1_242' title='bbox 1913 4238 2230 4322; x_wconf 88' lang='lat' dir='ltr'><strong>antiquis</strong></span> <span class='ocrx_word' id='word_1_243' title='bbox 2267 4237 2714 4321; x_wconf 88' lang='lat' dir='ltr'><strong>temporibus</strong></span> <span class='ocrx_word' id='word_1_244' title='bbox 2762 4236 2968 4303; x_wconf 87' lang='lat' dir='ltr'><strong>aliud</strong></span> 
     </span>
    </p>
   </div>
  </div>
 </body>
</html>
