3332 5100
1691 372 2047 432 -150—

744 540 908 584 nem
948 518 1038 582 ad
1076 522 1356 600 tempus
1392 516 1841 600 suspendere
1907 518 2201 580 coactus
2259 516 2395 594 est,
2449 530 2637 596 quae
2703 512 2977 594 quidem

744 626 1148 708 suspensi0‚
1188 626 1582 706 majoribus
1616 626 1827 688 malis
1863 624 2389 704 ingruentibuS,
2433 622 2667 684 adhuc
2731 620 2979 704 perdu-

744 738 884 796 rat.
956 730 1284 796 Oanones
1348 730 1759 810 hujusmodi
1823 728 2127 794 Concilii
2187 730 2631 810 promulgati
2693 730 2981 790 fuerunt

746 840 1024 904 duabus
1064 838 1715 904 Constitutionibus
1751 836 2181 920 dogmaticis
2217 854 2259 898 a
2293 836 2771 916 praelaudato
2805 834 2979 898 Pon-

744 948 936 1012 tifice
966 946 1202 1028 editis,
1240 946 1476 1008 altera
1520 944 1606 1008 de
1642 944 1839 1026 Fide,
1879 962 2065 1026 quae
2121 942 2377 1024 incipit
2407 942 2545 1006 Dei
2601 944 2853 1022 Filius,
2887 940 2981 1004 al-

746 1060 906 1118 tera
936 1052 1026 1116 de
1054 1052 1386 1116 Ecclesia
1414 1048 1679 1116 Christi
1715 1052 1969 1116 Pastor
2017 1048 2379 1130 Aeternus,
2411 1054 2631 1130 atque
2683 1054 2983 1128 utraque

750 1162 824 1224 in
858 1164 1167 1242 quatuor
1202 1158 1446 1240 capita
1480 1158 1891 1220 distributa.

928 1266 1074 1330 127.
1170 1262 1386 1328 Curia
1428 1264 1640 1344 juxta
1705 1264 1907 1328 vocis
1975 1266 2293 1344 etymon,
2361 1266 2595 1326 ortum
2663 1262 2883 1324 habet
2947 1278 2987 1322 a

748 1374 956 1454 curis,
992 1390 1130 1454 quo
1160 1372 1448 1434 nomine
1470 1372 1662 1454 apud
1689 1370 1989 1434 Latinos
2019 1372 2627 1452 nuncupabantur
2659 1368 2987 1432 aedificia

748 1480 1056 1562 publicis
1094 1478 1402 1558 negotiis
1438 1494 1566 1540 seu
1602 1478 1795 1540 curis
1847 1478 2233 1558 destinata3
2273 1478 2333 1540 si
2385 1482 2625 1540 autem
2683 1494 2835 1538 rem
2873 1495 2989 1540 vo-

752 1588 1010 1652 cabulo
1052 1586 1532 1668 significatam
1570 1592 2005 1668 spectemus,
2047 1605 2177 1668 per
2241 1586 2517 1650 curiam
2565 1584 2989 1664 intelligitur

750 1696 1156 1776 complexio
1196 1696 1510 1756 omnium
1550 1692 1993 1774 officialium,
2033 1694 2155 1774 qui
2213 1712 2459 1756 curam
2511 1692 2991 1774 principalem

748 1802 1200 1884 reipublicae
1266 1802 1576 1882 negotiis
1648 1800 2097 1882 impendunt,
2167 1800 2355 1864 unde
2443 1798 2755 1864 curiales
2823 1798 2991 1860 dicti

750 1914 940 1972 sunt.

928 2014 1086 2078 Hoc
1120 2014 1424 2078 verbum
1458 2012 1532 2076 in
1568 2012 1610 2076 J
1618 2030 1745 2076 ure
1773 2012 2137 2078 Canonico
2177 2016 2397 2078 etiam
2449 2018 2849 2096 usurpatur
2907 2012 2993 2076 ad

756 2122 1240 2204 significanda
1276 2122 1516 2184 officia
1550 2122 1677 2184 illa
1711 2122 1869 2186 sive
1905 2126 2195 2206 majora,
2235 2122 2393 2188 sive
2453 2122 2747 2206 minora,
2811 2140 2991 2204 quae

756 2228 1186 2310 quibusdam
1222 2228 1719 2292 determinatis
1753 2232 2083 2312 personis
2147 2232 2569 2294 incumbunt
2603 2232 2677 2294 in
2741 2248 2991 2312 regen-

752 2336 846 2398 da
880 2342 1098 2418 atque
1134 2336 1711 2400 administranda
1745 2339 2037 2420 publica
2081 2338 2455 2402 Ecclesiae
2501 2356 2605 2420 re;
2659 2338 2829 2402 hinc
2867 2338 2983 2402 Cu·

752 2444 862 2506 ria
902 2442 1224 2506 Romana
1258 2444 1458 2506 recte
1494 2444 1775 2506 definiri
1804 2450 2067 2526 potest:
2137 2444 2545 2528 Complexus
2581 2446 2987 2530 officiorum,

754 2554 1204 2617 tribunalium
1238 2563 1300 2619 ec
1328 2557 1949 2639 conyreyationum,
1989 2555 2231 2637 quibus
2289 2553 2609 2619 Summus
2667 2553 2995 2637 Pontifex

750 2661 824 2723 in
858 2661 1182 2745 regimine
1218 2667 1418 2743 atque
1478 2663 1689 2725 totius
1745 2661 2097 2725 Ecclesiae
2151 2661 2759 2725 acl-ministratione
2783 2663 2991 2745 Juva—

750 2775 882 2831 ίαν.
918 2765 1082 2847 Sed,
1122 2785 1282 2829 cum
1316 2767 1556 2829 officia
1590 2767 1685 2829 ad
1729 2787 2093 2851 persennia,
2165 2785 2351 2849 quae
2411 2769 2539 2829 illa
2606 2775 2987 2849 praestare

756 2873 1042 2953 debent,
1096 2873 1514 2955 respiciant,
1592 2875 1987 2937 tribunalia
2023 2875 2219 2937 circa
2285 2895 2533 2939 causas
2595 2879 2665 2937 et
2711 2875 2993 2959 judicia

754 2987 1164 3061 versentur,
1226 2985 1298 3043 et
1358 2983 1969 3063 congregationes
2023 2983 2497 3063 expediendis
2549 2983 2837 3067 negotiis
2895 2983 2989 3043 at-

754 3105 892 3169 que
928 3087 1298 3151 solvendis
1332 3089 1558 3151 dubiis
1600 3091 1913 3151 maxime
1955 3091 2355 3170 intendant,
2395 3089 2671 3171 aliquid
2727 3088 2817 3151 de
2875 3087 2991 3151 tri-

754 3197 928 3277 plici
962 3197 1112 3259 hoc
1150 3195 1408 3259 Curiae
1474 3195 1843 3259 Romanae
1903 3197 2373 3261 constitutivo
2435 3197 2793 3259 elemento
2861 3195 2991 3257 dis-

756 3301 1000 3365 tinctis
1036 3303 1516 3383 paragraphis
1554 3303 1897 3367 dicemus

934 3409 1079 3471 128.
1180 3409 1544 3473 Personae
1572 3409 1863 3475 Curiam
1901 3413 2303 3475 Romanam
2355 3409 2897 3489 constituenteS,
2925 3409 2993 3469 et

756 3515 1012 3599 quibus
1046 3517 1120 3579 in
1154 3517 1528 3581 Ecclesiae
1562 3519 2089 3599 gubernatione
2141 3525 2213 3581 et
2271 3519 2729 3599 negotiorum
2783 3533 2989 3595 expe-

758 3625 1024 3689 ditione
1062 3625 1356 3705 majoris
1392 3627 1510 3689 vel
1568 3627 1863 3689 minoris
1925 3625 2267 3689 momenti
2327 3625 2569 3689 officia
2625 3627 2989 3707 potestate

756 3733 1160 3813 apostolica
1224 3735 1791 3815 committuntur,
1853 3734 1945 3797 ad
2009 3733 2279 3815 triplex
2371 3751 2597 3815 genus
2659 3729 2991 3797 revocari

754 3845 1078 3919 possunt:
1120 3839 1218 3903 1.⁰
1258 3839 1683 3923 Cardinales,
1725 3843 1845 3923 qui
1893 3841 2029 3905 soli
2095 3841 2627 3921 consistorium,
2667 3845 2737 3903 et
2803 3839 2989 3921 prin-

756 3947 1090 4029 cipaliter
1128 3949 1731 4031 congregationes
1787 3950 2133 4013 efficiunt.
2197 3949 2301 4013 21³
2369 3951 2681 4013 Praelata·
2743 3947 2987 4015 Curiae

758 4055 1130 4137 Romanae,
1166 4057 1286 4137 qui
1320 4057 1440 4121 vel
1470 4057 1542 4119 in
1578 4057 2265 4139 congregationibus
2315 4058 2637 4119 romanis
2695 4071 2985 4137 operam

756 4179 960 4223 suam
998 4167 1300 4243 navant,
1340 4163 1458 4227 vel
1494 4163 1758 4245 singuli
1793 4171 1993 4227 certa
2047 4163 2291 4227 munia
2361 4165 2653 4227 obeunt.
2705 4161 2991 4245 Duplex

758 4273 998 4335 autem
1032 4269 1492 4351 distinguitur
1526 4273 1973 4353 praelatura,
1997 4273 2323 4357 justitiae
2353 4275 2425 4335 et
2455 4273 2753 4357 gratiae:
2789 4286 2989 4353 prae-
