3332 5100
1714 377 2065 437 —110—

778 521 1250 608 quarumdam
1283 522 1656 588 Bullarum
1682 522 2105 605 specialium
2135 523 2333 589 circa
2365 523 2866 587 ecclesiastica
2892 525 3010 587 be-

778 631 1040 695 neficia
1071 634 1197 694 aut
1230 629 1377 694 alia
1433 628 1863 712 disciplinae
1922 633 2169 713 capita
2241 633 2694 697 versantium
2730 633 3012 715 praeci-

780 736 1069 820 pientis,
1109 735 1597 819 praecedente
1627 737 2081 819 inspectione
2135 741 2329 801 mere
2389 747 2720 817 externa,
2792 743 3014 821 atque

780 862 872 908 ex
908 843 1379 908 concessione
1414 861 1541 908 seu
1578 843 1955 909 Ecclesiae
1990 847 2403 929 privilegio,
2441 847 2561 909 vel
2597 863 2690 909 ex
2716 863 3012 909 consue-

780 952 1026 1016 tudine
1060 951 1507 1033 rationabili,
1546 951 1639 1016 ab
1697 951 2123 1034 Apostolica
2170 950 2354 1018 Sede
2411 951 2821 1035 approbata
2891 954 3018 1015 aut

778 1060 1038 1123 saltem
1063 1058 1403 1123 tolerata.
1422 1107 1453 1143 .,

955 1166 1065 1231 96.
1163 1163 1508 1247 Quaestio
1545 1165 1633 1230 de
1663 1167 1937 1234 Placito
1971 1167 2210 1252 Reyio,
2248 1170 2329 1231 ut
2385 1164 2526 1230 rite
2559 1164 3018 1248 intelligatur

780 1292 868 1338 ac
906 1272 1242 1338 methodo
1276 1272 1616 1338 ordinata
1640 1277 1713 1339 et
1743 1274 2132 1357 perspicua
2154 1273 2510 1354 solvatur,
2541 1273 2672 1336 sub
2702 1276 3019 1355 quatuor

780 1380 1194 1462 aspectibus
1220 1381 1541 1463 spectari
1568 1381 1812 1464 debet,
1845 1381 2216 1456 videlicet,
2245 1381 2592 1462 historico,
2618 1380 2885 1463 critico,
2897 1382 3019 1468 ju-

776 1488 1002 1552 ridico
1046 1490 1267 1569 atque
1301 1487 1708 1572 doymatico.

956 1591 1178 1676 Origo
1237 1593 1570 1660 historica
1610 1595 1870 1660 Placiti
1904 1593 1998 1658 ad
2032 1595 2404 1660 saeculum
2464 1593 2636 1660 XIV
2669 1595 3018 1678 assurgit3

782 1702 934 1782 ejus
962 1701 1241 1765 initium
1274 1700 1749 1784 repetendum
1783 1707 1893 1767 est
1927 1721 1970 1766 a
2003 1702 2396 1767 schismate
2425 1702 2765 1786 omnium,
2827 1721 3023 1786 quae

779 1808 1130 1873 hactenus
1163 1807 1567 1873 Ecclesiam
1602 1808 1740 1874 Dei
1766 1810 2175 1895 turbarunt,
2208 1810 2581 1875 teterrimo
2609 1813 2829 1892 atque
2864 1810 3021 1875 lon-

780 1916 1100 1998 gissimo,
1138 1914 1331 1998 quod
1357 1915 1449 1980 ab
1483 1915 1781 1981 Urbano
1817 1915 1917 1981 VI
1948 1917 2042 1981 ad
2074 1915 2474 1982 Concilium
2506 1915 3022 1983 constantien-

780 2042 858 2088 se
893 2022 1347 2106 perduravit.

959 2129 1239 2195 Mortuo
1270 2129 1622 2213 Gregorio
1644 2131 1750 2196 XI
1779 2150 1968 2197 anno
1994 2132 2168 2196 1378
2193 2135 2266 2196 et
2293 2131 2590 2198 Urbano
2624 2129 2723 2196 VI
2751 2127 3021 2214 electo,

784 2242 1014 2315 ortum
1031 2243 1141 2302 est
1155 2255 1489 2320 magnum
1525 2239 1842 2304 schisma
1869 2239 2499 2322 oc,cidentale,quo
2519 2239 2828 2303 durante
2857 2259 3025 2322 pro·

784 2344 1175 2410 obtinendo
1213 2344 1648 2411 Pontificatu
1685 2350 1833 2412 tres
1861 2346 2108 2430 Papae
2143 2345 2696 2427 contenderunt,
2726 2363 3022 2429 nempe,

780 2454 1174 2535 RomanuS,
1216 2452 1752 2519 Avenionensis
1788 2458 1862 2519 et
1893 2454 2196 2520 Pisanus
2233 2455 2354 2535 (1).
2387 2451 2563 2518 Cum
2597 2457 2838 2517 autem
2868 2453 3025 2536 plu-

782 2581 898 2627 res
934 2561 1187 2626 Bullae
1222 2562 1457 2626 falsae
1492 2563 1614 2627 vel
1671 2561 2413 2627 Pseudo-Pontificum
2468 2562 3024 2627 circumferren-

780 2675 922 2751 tur,
961 2669 1299 2735 Urbanus
1348 2668 1471 2748 VI,
1510 2669 1876 2752 legitimus
1924 2669 2263 2736 Pontifex
2306 2670 2692 2750 RomanUS,
2732 2672 2810 2733 ut
2877 2674 3025 2738 tra-

784 2779 960 2841 dunt
996 2777 1416 2842 Bonifacius
1449 2776 1556 2842 IX
1591 2781 1663 2841 et
1699 2778 2051 2842 Martinus
2085 2777 2171 2859 V,
2232 2795 2322 2841 ne
2378 2778 2763 2842 occasione
2796 2780 3025 2845 schis-

782 2885 996 2949 matis
1022 2884 1316 2949 fraudes
1343 2884 1636 2966 impune
1660 2883 2239 2966 admitterentur,
2263 2886 2593 2950 concessit
2614 2886 3029 2968 quibusdam

780 2994 1160 3075 Praelatie,
1200 2992 1380 3077 quod
1408 2996 1479 3059 in
1522 3014 1756 3059 eorum
1818 2993 2212 3059 civitatibus
2265 3000 2329 3057 et
2391 2993 2838 3058 Dioecesibue
2889 3014 3028 3059 non

770 3108 1007 3187 posset
1025 3102 1182 3188 fieri
1217 3102 1522 3166 eceecutio
1568 3100 1966 3185 aliquarum
2001 3100 2395 3165 litterarum
2457 3100 3026 3184 apostolicarum,

782 3211 922 3273 nisi
942 3210 1150 3293 prius
1211 3208 1609 3296 hujusmodi
1662 3209 1936 3273 litterae
1961 3208 2313 3274 Praelatis
2369 3209 2571 3292 ipsis,
2617 3209 2720 3273 vel
2785 3230 3026 3273 eorum

788 3317 1216 3403 officialibus
1271 3317 1364 3383 ad
1417 3316 1538 3381 hoc
1593 3318 1942 3400 deputatis
1977 3316 2478 3399 emhiberentur‚
2535 3323 2599 3381 et
2637 3336 2777 3400 per
2831 3318 3027 3402 ipsos

788 3425 1215 3509 approbatae
1271 3426 1527 3510 forent.
1564 3423 1754 3487 Hinc
1784 3428 2016 3487 ortum
2081 3423 2333 3516 habuit
2398 3442 2549 3489 mos
2607 3424 3030 3507 apponendi

788 3535 1028 3599 Placet
1063 3533 1187 3596 vel
1230 3532 1563 3615 Vidimus,
1600 3532 1723 3614 qui
1752 3532 1903 3598 late
1937 3531 2245 3597 diffundi
2277 3532 2518 3616 coepit
2572 3550 2735 3599 cum
2796 3534 3025 3599 immi·

922 3791 996 3857 (1)
1070 3788 1157 3842 Ab
1180 3787 1347 3842 initio
1373 3804 1556 3857 usque
1580 3790 1653 3843 ad
1681 3790 2105 3843 conclusionem
2157 3788 2487 3843 schismatis
2513 3788 2883 3844 occidentalis
2928 3806 3031 3859 per

782 3863 1117 3915 electionem
1137 3861 1373 3915 Martini
1425 3862 1469 3914 V
1500 3862 1561 3913 in
1586 3861 1851 3917 Concilio
1879 3860 2304 3915 Constantiensi
2324 3861 2503 3926 (141⁷)
2527 3861 2755 3929 factam,
2790 3877 3029 3929 sequen-

784 3937 874 3987 tes
904 3933 1205 3986 Pontifices
1233 3936 1617 3986 recensentur:
1638 3936 1757 3985 tres
1792 3933 2088 3987 Pontifices
2114 3929 2372 3997 Romani,
2398 3948 2631 4002 nempe,
2655 3930 2926 3988 Urbanus
2945 3933 3033 3988 VI

782 4005 1081 4071 (1378-89),
1109 4003 1441 4057 Bonifacius
1469 4003 1555 4057 IX
1584 4004 1931 4073 ‹1389-1404)
1958 4009 2016 4058 et
2041 4004 2349 4069 Gregorius
2388 4003 2506 4056 XII
2557 4003 2907 4070 <1404-1414)
2932 4007 3032 4072 qui

786 4076 1155 4129 renuntiavit:
1184 4076 1298 4128 duo
1324 4075 1629 4129 Pontifices
1657 4074 2066 4144 Avenionensee,
2090 4076 2369 4143 videlicet,
2397 4074 2666 4129 Clemens
2717 4076 3031 4130 V11us78-

790 4147 949 4215 1394)
981 4151 1039 4199 et
1084 4146 1427 4200 Benedictus
1452 4146 1595 4200 XIII
1619 4147 1964 4213 ‹1894-1417)
1989 4149 2086 4215 qui
2112 4147 2406 4214 depositus
2436 4145 2560 4200 fuit:
2590 4146 2704 4200 duo
2724 4147 3030 4203 Pontifices

784 4216 1003 4282 Pisani,
1030 4217 1263 4285 scilicet,
1289 4218 1619 4273 Alexander
1645 4219 1701 4274 V
1729 4217 2005 4287 (1409-10)
2022 4224 2081 4274 et
2098 4218 2352 4273 Joannes
2377 4218 2585 4273 XXIII
2604 4219 2883 4289 (1410-15)
2931 4220 3031 4288 qui

786 4307 888 4343 ren
896 4290 1155 4345 untiavit.
