3332 5100
1755 325 2109 383 --206—

817 469 1062 554 pando
1124 468 1553 534 mittendam
1597 469 1701 531 uti
1763 471 2145 551 incoeptae
2213 469 2728 551 negotiationis
2792 469 3064 533 basim.

817 576 957 643 Sed
994 595 1153 642 cum
1191 581 1298 641 tot
1332 579 1635 640 conatus
1677 581 1747 639 et
1813 575 2159 639 Gubernii
2217 575 2594 657 Hispanici
2656 577 3070 659 inquisitio—

817 705 946 751 nes
980 685 1261 751 coelum
1319 690 1735 766 terramque
1773 686 2129 748 moventis
2195 704 2325 766 pro
2391 686 2850 748 inveniendis
2920 686 3068 766 pri-

818 794 1111 876 vilegiis
1147 811 1232 857 ac
1267 794 1739 874 documentis,
1781 812 1965 874 quae
1995 794 2161 874 Jura
2199 792 2528 856 Coronae
2560 794 3068 878 reyaliasnun-

822 908 1093 985 cupata
1141 901 1679 982 confirmarent,
1719 920 1877 964 cum
1915 902 2375 982 displicentia
2409 906 2482 964 et
2528 902 3072 982 praeventione

817 1010 1089 1076 Romae
1116 1009 1349 1074 ⁸visae
1413 1016 1679 1090 essent,
1745 1008 2095 1090 ejusmodi
2157 1008 2436 1088 primae
2522 1010 3072 1090 negotiationes

818 1118 1215 1182 frustratae
1262 1121 1456 1180 sunt.

996 1225 1105 1289 2³²
1196 1223 1396 1288 Tunc
1422 1221 1797 1306 Philippus
1833 1242 1987 1304 rex,
2018 1222 2255 1304 gratia
2283 1226 2431 1284 tun]
2468 1242 2734 1286 novam
2772 1224 3070 1288 relatio-

820 1351 989 1397 num
1049 1330 1555 1413 abruptionem
1590 1330 1899 1408 vitandi,
1932 1340 2078 1391 tum
2123 1330 2342 1391 etiam
2375 1346 2579 1391 suum
2607 1332 3068 1411 propositum

825 1439 1203 1503 sanctione
1239 1435 1538 1502 Consilii
1600 1436 1993 1516 muniendi,
2056 1435 2327 1500 Fiscali
2388 1437 2716 1518 generali
2781 1436 3070 1501 Monar-

821 1547 1054 1626 chiae,
1087 1546 1207 1628 qui
1245 1552 1414 1608 tunc
1438 1544 1785 1626 temporis
1822 1548 1982 1606 erat
2016 1542 2353 1607 laudatus
2411 1543 2791 1623 Macanaz‚
2856 1563 3070 1626 prae-

821 1654 1015 1735 cepit
1051 1662 1127 1716 ut
1162 1652 1722 1735 praecipuorum
1750 1651 2097 1732 capitum,-
2138 1650 2226 1713 de
2261 1650 2518 1731 quibus
2551 1650 2624 1713 in
2652 1648 3071 1716 Concorda-

819 1765 892 1826 to
930 1761 1289 1842 agebatur
1327 1759 1699 1841 synopsim
1737 1759 2188 1821 efformaret.
2226 1756 2430 1820 Haec
2453 1758 2851 1821 summaria
2875 1760 3069 1822 rela-

819 1868 922 1933 tio
958 1867 1051 1932 ad
1087 1866 1481 1932 Consilium
1520 1865 1742 1929 missa
1767 1865 1930 1945 fuit,
1965 1870 2065 1944 ut,
2099 1863 2344 1928 audito
2379 1863 2684 1928 Fiscalis
2737 1865 3071 1930 dictami-

819 1992 938 2056 ne,
974 1992 1181 2038 suum
1215 1990 1506 2037 sensum
1542 1972 1889 2055 aperiret3
1925 1971 2053 2035 sed
2081 1974 2472 2050 antequam
2519 1970 2786 2053 Regius
2845 1970 3071 2037 Sena-

824 2084 939 2146 tus
964 2080 1399 2162 suffragium
1435 2097 1569 2162 pro
1604 2079 1970 2143 sententia
2002 2078 2310 2143 Fiscalis
2345 2079 2824 2161 approbanda
2860 2081 3070 2145 emit·

823 2191 1037 2269 teret,
1075 2187 1488 2270 praefatum
1527 2185 1893 2273 dictamen
1961 2185 2035 2250 in
2084 2203 2339 2250 manus
2373 2185 2629 2250 incidit
2653 2184 3072 2252 Cardinalis

820 2294 865 2359 J
873 2294 1103 2373 udice,
1141 2293 1398 2376 Legati
1427 2293 1994 2357 extraordinarii
2028 2292 2224 2374 regis
2263 2292 2561 2357 Parisiis
2596 2296 2669 2356 et
2693 2295 3070 2374 generalis

821 2402 1308 2484 l'nquisitoris,
1366 2401 1488 2484 qui
1544 2418 1677 2483 per
1723 2401 2035 2464 edictum
2101 2400 2193 2463 ad
2256 2401 2520 2464 valvas
2585 2402 3073 2466 ecclesiarum

728 2578 731 2581 ,
824 2509 1100 2575 Matriti
1133 2508 1247 2573 die
1285 2508 1365 2573 15
1388 2508 1696 2591 Augusti
1724 2509 1893 2573 anni
1924 2506 2096 2572 1714
2123 2507 2421 2574 affixum
2459 2508 2747 2572 omnino
2777 2510 3072 2575 vetavit

821 2619 1179 2683 lecturam
1215 2617 1747 2681 informationis
1777 2617 1869 2681 ad
1903 2615 2296 2681 Consilium
2332 2617 2829 2681 transmissae.

1000 2725 1161 2790 Hac
1197 2725 1285 2789 de
1314 2743 1537 2789 causa
1571 2725 1726 2788 Rex
1759 2725 1871 2788 ira
1923 2741 2314 2788 succensus
2366 2721 2742 2788 Cardinali
2807 2723 2851 2788 J
2856 2723 3069 2789 udice

828 2832 1101 2897 aditum
1158 2833 1233 2896 in
1291 2832 1722 2915 Hispaniam
1759 2832 2160 2914 interdixit,
2229 2849 2393 2895 eum
2457 2848 2727 2913 cogens
2763 2849 3069 2896 munera

822 2939 1082 3022 Legati
1111 2946 1182 3004 et
1215 2940 1674 3022 Inquisitoris
1724 2939 2087 3003 dimittere
2121 2943 2193 3003 et
2259 2939 2353 3003 ad
2415 2956 2621 3003 suum
2688 2940 3067 3022 episcopa-

823 3050 974 3111 tum
1008 3045 1580 3129 Montis-regalis
1613 3047 1688 3110 in
1730 3045 1977 3111 Sicilia
2005 3046 2146 3110 cito
2185 3047 2411 3110 abire.

1005 3152 1113 3217 3³⁸
1206 3152 1409 3234 Quae
1447 3172 1606 3218 cum
1643 3154 1747 3217 ita
1789 3171 1868 3218 se
1894 3154 2274 3234 haberent,
2311 3152 2756 3218 Gubernium
2822 3153 3066 3219 Matri-

826 3266 1031 3326 tense
1100 3262 1277 3326 duos
1334 3262 2023 3345 Plenipotentiarios
2090 3263 2162 3326 in
2226 3263 2417 3326 Aula
2449 3264 2656 3344 regia
2712 3261 3069 3328 Ludovici

825 3369 998 3434 XIV
1030 3369 1436 3433 residentes
1475 3371 1797 3451 vocavit,
1832 3377 1909 3432 ut
1929 3370 2060 3434 sub
2089 3369 2487 3433 directione
2509 3369 2553 3434 J
2558 3369 2683 3432 ulii
2719 3369 3067 3434 Alberoni

826 3476 1195 3558 gestiones
1225 3477 1489 3541 iterum
1518 3481 2078 3542 renovarentur.
2117 3476 2208 3540 Et
2239 3494 2318 3540 re
2354 3476 2639 3558 quidem
2705 3494 2886 3539 vera
2947 3495 3064 3539 ne-

826 3585 1100 3668 gotium
1127 3584 1219 3648 ad
1242 3586 1528 3650 felicem
1555 3587 1828 3650 exitum
1857 3586 2283 3668 perductum
2312 3591 2443 3665 est3
2477 3603 2641 3647 nam
2673 3603 2864 3647 anno
2900 3585 3064 3647 1717

826 3693 1240 3758 absolutum
1277 3694 1415 3758 fuit
1450 3693 2011 3776 Concordatum,
2073 3693 2272 3756 initis
2336 3691 2868 3755 conditionibus
2904 3691 3068 3755 Sedi

827 3802 1295 3885 Apostolicae
1322 3802 1768 3884 faventibuS,
1810 3802 1871 3866 si
1906 3802 2130 3884 ipsius
2158 3801 2505 3864 Alberoni
2555 3801 2970 3863 testimonio
2998 3803 3068 3865 in

826 3929 959 3975 sua
994 3910 1357 3993 Apologia
1391 3910 1729 3974 standum
1764 3910 1882 3990 sit;
1952 3913 2199 3972 tamen
2253 3907 2874 3972 confirmationem
2926 3929 3068 3973 non

830 4017 1137 4082 obtinuit
1166 4022 1465 4099 propter
1492 4016 2040 4080 immoderatam
2069 4015 2419 4080 Alberoni
2455 4015 2930 4077 ambitionem
2964 4033 3066 4079 su-

828 4106 1274 4207 perbamque
1301 4126 1455 4207 ejus
1492 4124 1758 4207 agendi
1793 4125 2170 4188 rationem.
2209 4121 2382 4187 Cum
2419 4123 2607 4185 enim
2665 4123 3070 4205 Episcopus

829 4231 1312 4299 Malacitanus
1341 4238 1555 4317 esset,
1592 4232 2162 4297 nominationem
2195 4231 2474 4313 regiam
2507 4231 2601 4295 ad
2627 4229 2888 4295 Sedem
2916 4233 3072 4297 His-
