3332 5100
1776 374 2134 433 -322—

831 521 1258 596 humanoque
1281 518 1436 593 jure
1468 518 1775 591 solutam,
1808 522 1877 577 et
1903 518 1976 577 in
1997 517 2232 576 ordine
2263 517 2535 592 politico
2559 517 2745 575 facta
2769 532 3065 577 consum·

830 608 1035 675 mata,
1063 615 1141 659 eo
1166 600 1310 675 ipso
1336 599 1516 674 quod
1545 603 2009 658 consummata
2038 603 2213 671 sunt,
2242 597 2381 656 vim
2403 597 2579 671 juris
2608 597 2920 671 habere.„
2945 596 3064 657 Ve-

832 697 983 742 rum
1012 679 1282 775 ³{ecquis
1308 695 1438 740 non
1464 679 1675 751 videt,
1704 680 2042 773 planeque
2065 677 2289 750 sentit,
2317 677 2662 737 hominum
2684 677 3066 736 societatem

832 761 1184 837 religionis
1235 776 1317 820 ac
1345 774 1552 818 verae
1595 759 1904 834 justitiae
1934 758 2228 818 vinculis
2272 759 2562 818 solutam
2605 758 2861 817 nullum
2890 758 3067 818 aliud

832 842 1138 919 profecto
1170 839 1585 916 propositum
1613 840 1870 898 habere
1894 854 2112 914 posse,
2147 838 2277 898 nisi
2307 853 2584 913 scopum
2613 837 3062 913 comparandi,

835 921 1361 995 cumulandique
1412 935 1594 995 opes,
1631 920 2023 994 nullamque
2051 920 2257 979 aliam
2285 918 2355 977 in
2386 919 2525 977 suis
2577 918 2955 978 actionibus
2984 919 3065 977 le·

835 1018 992 1077 gem
1042 1001 1255 1076 sequi,
1289 1001 1421 1059 nisi
1466 1000 1864 1060 indomitam
1911 1000 2119 1059 animi
2168 998 2611 1074 cupiditatem
2659 998 3066 1058 inserviendi

835 1082 1127 1158 propriis
1156 1080 1619 1155 voluptatibus
1645 1087 1714 1139 et
1742 1078 2144 1139 commodis?
2166 1080 2540 1155 Eapropter
2563 1079 2946 1153 huJ'usmodi
2963 1080 3067 1137 ho-

834 1164 1049 1223 mines
1105 1161 1353 1220 acerbo
1405 1176 1566 1219 sane
1619 1161 1771 1219 odio
1830 1160 2253 1220 insectantur
2301 1159 2679 1233 Religiosas
2729 1159 3061 1231 Familias,

836 1243 1146 1317 quamvis
1176 1242 1260 1300 de
1285 1256 1360 1299 re
1382 1240 1776 1314 christiana,
1812 1241 2001 1300 civili
2024 1257 2105 1299 ac
2137 1240 2471 1299 litteraria
2496 1256 2914 1314 summopere
2945 1255 3065 1299 me·

833 1324 1023 1395 ritas,
1060 1330 1128 1381 et
1173 1322 1535 1393 blaterant,
1571 1322 1846 1380 easdem
1896 1321 2151 1381 nullam
2181 1321 2432 1379 habere
2475 1321 2853 1394 legitimam
2903 1320 3064 1379 exis-

834 1403 1022 1462 tendi
1045 1403 1397 1475 rationem,
1425 1410 1629 1476 atque
1654 1401 1750 1459 ita
1781 1402 2277 1460 haereticorum
2306 1400 2701 1460 commentis
2725 1401 3064 1475 plaudunt.

834 1478 1026 1557 Nam,
1062 1489 1137 1543 ut
1186 1481 1681 1557 sapientissime
1711 1498 1848 1541 rec.
1884 1498 2080 1541 mem.
2116 1480 2274 1541 Pius
2303 1480 2418 1554 VI,
2453 1481 2784 1540 Decessor
2811 1481 3065 1552 Noster,

837 1564 1149 1637 docebat,
1184 1562 1659 1637 “Regularium
1708 1562 1983 1621 abolitio
2037 1563 2247 1621 laedit
2297 1526 2544 1621 sta’tum
2590 1561 2905 1635 publicae
2933 1576 3067 1635 pro·

836 1644 1151 1703 fessionis
1199 1642 1634 1702 consiliorum
1684 1642 2260 1717 evangelicorum,
2309 1642 2519 1701 laedit
2547 1642 2830 1701 vivendi
2881 1642 3068 1700 ratio·

835 1740 990 1784 nem
1036 1725 1108 1783 in
1154 1723 1464 1783 Ecclesia
1507 1723 2050 1782 comme‘ndatam
2099 1729 2423 1796 tanquam
2467 1722 2900 1797 Apostolicae
2929 1723 3068 1780 doc·

836 1805 1057 1864 trinae
1087 1810 1634 1876 consentaneam,
1669 1803 1881 1861 laedit
1907 1804 2088 1877 ipsos
2132 1803 2436 1878 insignes
2465 1803 2890 1876 fundatore8‚
2919 1817 3070 1876 quos

838 1901 1041 1960 super
1087 1885 1417 1944 altaribus
1445 1899 1872 1955 veneramus,
1908 1884 2024 1958 qui
2053 1884 2323 1943 nonnisi
2354 1888 2394 1941 a
2422 1883 2562 1941 Deo
2608 1883 2925 1959 inspirati
2967 1897 3069 1941 eas

838 1965 1335 2025 constituerunt
1360 1965 1739 2023 societates.
1755 2007 1781 2036 „
1812 1964 1903 2043 (1)
1927 1964 2148 2037 Atque
2168 1964 2370 2022 etiam
2394 1963 2597 2037 impie
2617 1965 3065 2038 pronuntiant,

836 2045 1282 2105 auferendam
1308 2060 1454 2103 esse
1507 2044 1775 2103 civibus
1823 2051 1890 2103 01
1918 2044 2268 2103 Ecclesiae
2316 2044 2716 2103 facultatem
2748 2050 2923 2118 “qua
2951 2044 3069 2102 ele-

838 2140 1196 2200 emosynas
1253 2124 1668 2184 christianae
1717 2124 2068 2183 charitatis
2123 2140 2329 2184 causa
2378 2125 2604 2203 palam
2653 2141 2939 2200 erogare
2969 2140 3068 2182 va·

837 2207 1084 2279 leant,„
1117 2222 1199 2264 ac
1251 2205 1337 2263 de
1368 2205 1587 2263 medio
1632 2205 1999 2264 tollendam
2027 2206 2249 2279 legem
2283 2210 2455 2278 “qua
2487 2205 2693 2263 certis
2741 2204 3070 2279 aliquibus

839 2287 1079 2345 diebus
1105 2301 1311 2361 opera
1334 2284 1611 2344 servilia
1635 2293 1907 2360 propter
1931 2285 2058 2344 Dei
2082 2285 2336 2344 cultum
2361 2285 2867 2359 prohibentur‚„
2893 2285 3069 2343 falla-

839 2367 1108 2427 cissime
1152 2371 1653 2443 praetexenteS,
1686 2372 2277 2425 commemoratam
2318 2366 2716 2424 facultatem
2767 2374 2836 2424 et
2865 2367 3072 2439 legem

839 2448 1131 2523 optimae
1187 2446 1501 2521 publicae
1553 2446 1985 2506 oeconomiae
2032 2446 2385 2521 principiis
2443 2447 2793 2504 obsistere.
2850 2445 3070 2520 Neque

839 2527 1143 2588 contenti
1172 2542 1487 2587 amovere
1533 2526 1936 2602 religionem
1968 2531 2008 2585 a
2035 2527 2309 2602 publica
2339 2526 2687 2600 societate,
2722 2527 2960 2587 volunt
2984 2541 3073 2585 re·

838 2609 1162 2684 lig-ionem
1202 2608 1420 2682 ipsam
1451 2612 1492 2666 a
1520 2607 1807 2682 privatis
1837 2607 2043 2667 etiam
2073 2623 2309 2667 arcere
2351 2607 2653 2667 familiis,
2687 2608 2955 2667 Etenim
2983 2607 3072 2665 fu·

838 2689 1294 2749 nestissimum
1326 2686 1805 2749 Communismi
1833 2693 1900 2746 et
1924 2687 2295 2750 Socialismi
2320 2688 2640 2747 docentes
2664 2705 2744 2746 ac
2771 2689 3073 2763 profiten-

839 2777 941 2828 tes
965 2785 1283 2842 errorem,
1311 2775 1624 2827 asserunt
1649 2768 2080 2826 “societatem
2095 2769 2554 2842 domesticam,
2583 2785 2703 2827 seu
2726 2769 3069 2837 familiam,

839 2856 1048 2909 totam
1080 2865 1243 2909 suae
1297 2849 1704 2907 existentiae
1732 2848 2065 2907 rationem
2091 2866 2131 2907 a
2155 2850 2309 2923 jure
2341 2849 2696 2907 dumtaxat
2726 2848 2917 2908 civili
2950 2864 3073 2907 mu-

838 2930 1040 3005 tuari3
1068 2929 1483 3004 proindeque
1509 2945 1598 2988 ex
1626 2929 1780 3003 lege
1803 2936 2064 2988 tantum
2086 2929 2275 2988 civili
2305 2929 2654 2988 dimanare
2680 2945 2760 2987 ac
2786 2930 3072 3004 pendere

834 3012 994 3086 jura
1016 3010 1239 3069 omnia
1269 3011 1626 3084 parentum
1649 3009 1721 3068 in
1746 3009 1940 3082 filios,
1970 3025 2124 3068 cum
2155 3009 2387 3083 primis
2409 3025 2572 3068 vero
2591 3011 2704 3083 jus
2724 3009 3072 3069 institutio·

839 3092 965 3164 nis,
1000 3089 1556 3163 educationisque
1608 3090 2016 3161 curandae.„
2052 3088 2307 3162 Quibus
2357 3089 2581 3164 impiis
2635 3090 3070 3164 opinionibus„

838 3170 1589 3244 machinationibusque
1638 3170 1811 3228 inid
1855 3170 2220 3244 praecipue
2269 3170 2629 3229 intendunt
2657 3168 3076 3229 fallacissimi

840 3251 954 3311 isti
986 3249 1309 3324 11011111100,
1342 3255 1418 3308 111
1446 3249 1802 3310 salutifera
1833 3250 2208 3310 catholicae
2259 3249 2609 3309 Ecclesiae
2661 3250 2974 3310 doctrina
3004 3265 3074 3307 ac

837 3332 945 3390 vis
995 3335 1037 3388 a
1056 3330 1437 3404 juventutis
1466 3330 1890 3389 institutione
1920 3337 1987 3388 et
2018 3330 2420 3389 educatione
2465 3345 2737 3406 prorsus
2788 3330 3075 3390 elimine-

841 3418 973 3483 tur,
1005 3426 1087 3469 ac
1121 3410 1339 3469 teneri
1366 3410 1839 3484 flexibilesque
1882 3411 2212 3485 juvenum
2264 3411 2470 3470 animi
2516 3411 2916 3485 perniciosis
2946 3410 3075 3484 qui·

838 3492 1102 3565 busque
1132 3490 1496 3564 erroribus,
1531 3491 1852 3565 vitiisque
1895 3491 2138 3550 misere
2181 3491 2568 3550 inficiantur
2600 3508 2682 3550 ac
2715 3492 3074 3567 depraven-

841 3579 972 3632 tur.
1008 3569 1354 3645 Siquidem
1403 3586 1657 3644 omnes,
1693 3571 1809 3646 qui
1849 3587 1993 3630 rem
2037 3577 2178 3631 tum
2228 3588 2516 3646 sacram,
2551 3580 2692 3632 tum
2742 3572 3076 3647 publicam

841 3651 1263 3727 perturbare,
1299 3668 1381 3710 ac
1430 3659 1694 3712 rectum
1723 3652 2067 3712 societatis
2113 3652 2417 3711 ordinem
2468 3659 2802 3726 evertere,
2837 3660 2905 3711 et
2930 3653 3074 3725 jura

842 3733 1065 3792 omnia
1106 3732 1339 3792 divina
1370 3738 1437 3790 01
1462 3733 1756 3792 humana
1806 3732 2035 3791 delere
2079 3738 2233 3791 sunt
2284 3733 2534 3806 conati,
2571 3733 2796 3792 omnia
2823 3731 3075 3792 nefaria

842 3829 962 3873 sua
986 3812 1291 3886 consilia,
1329 3812 1551 3873 studia
1576 3819 1643 3871 01
1674 3828 1949 3888 operam
1978 3813 2047 3870 in
2079 3812 2526 3887 improvidam
2555 3813 2958 3888 praesertim
2979 3812 3074 3886 J‘u·

837 3899 1185 3953 ventutem
1210 3892 1685 3967 decipiendam
1713 3909 1794 3951 ac
1819 3893 2348 3968 depravandam,
2384 3899 2459 3954 ut
2481 3909 2684 3969 supra
2716 3893 3069 3960 innuimus,

842 3989 1105 4048 semper
1154 3972 1603 4046 contulerunt,
1639 3989 2038 4047 omnemque
2090 3989 2277 4048 spem
2328 3974 2398 4032 in
2446 3974 2658 4049 ipsius
2704 3971 3070 4048 juventutis

840 4053 1224 4128 corruptela
1273 4053 1715 4114 collocarunt.
1749 4052 2082 4129 Quocirca
2125 4069 2472 4129 nunquam
2516 4060 2790 4114 cessant
2833 4059 3070 4114 utrum-

979 4295 1053 4362 (1)
1123 4294 1302 4362 Epist.
1330 4293 1403 4347 ad
1430 4291 1593 4348 Oard.
1619 4295 1704 4348 De
1730 4296 1784 4349 la
1809 4294 2272 4363 Rochefoucault,
2299 4297 2364 4349 10
2392 4298 2584 4351 11101111
2616 4294 2769 4350 1791.
