3332 5100
1665 314 2022 375 ..346-

724 475 878 521 cum
902 467 1187 537 paterna
1208 459 1511 519 bonitate
1542 458 1927 519 coniuncta:
1963 459 2337 534 gerendum
2366 472 2527 517 vero
2551 464 2653 518 est
2705 458 2794 517 ad
2835 455 2969 519 uti-

722 542 983 601 litatem
1013 542 1285 614 eivium,
1320 539 1480 614 quia
1504 539 1619 613 qui
1642 547 1965 613 praesunt
1995 539 2264 613 ceteris,
2297 540 2426 598 hac
2456 554 2592 598 una
2615 540 2699 600 de
2722 555 2976 599 caussa

722 631 1066 698 praesunt,
1100 628 1175 681 ut
1204 621 1505 679 civitatis
1535 620 1900 679 utilitatem
1928 624 2267 679 tueantur.
2331 619 2570 693 Neque
2599 621 2736 679 ullo
2766 627 2974 695 pacto

724 703 1297 783 committendum,
1330 702 1529 760 unius
1584 706 1682 774 ut,
1736 702 1845 758 vel
1900 716 2270 775 paucorum
2316 702 2662 759 commodo
2711 700 2978 759 serviat

724 783 947 843 civilis
975 779 1367 854 auctoritas,
1403 797 1558 839 cum
1586 780 1677 839 ad
1706 796 2058 840 commune
2089 780 2384 839 omnium
2412 780 2664 840 bonum
2721 780 2973 839 consti-

725 870 871 923 tuta
914 863 1021 922 sit.
1071 862 1263 936 Quod
1294 862 1373 935 si,
1424 862 1542 935 qui
1594 868 1940 935 praesunt,
1990 861 2396 921 delabantur
2426 861 2498 919 in
2554 862 2976 921 dominatum

723 944 1066 1018 iniustum,
1095 943 1151 1002 si
1171 942 1678 1017 importunitate
1724 942 2132 1016 superbiave
2162 941 2622 1015 peccaverint,
2683 942 2742 1001 si
2788 941 2978 999 male

724 1025 968 1099 populo
993 1024 1476 1097 consuluerint,
1510 1021 1731 1081 sciant
1759 1022 1889 1081 sibi
1911 1023 2242 1080 rationem
2264 1021 2630 1096 aliquando
2654 1021 2794 1081 Deo
2817 1036 2976 1080 esse

724 1104 1162 1178 reddendam,
1189 1103 1393 1177 idque
1423 1109 1610 1161 tanto
1662 1103 1988 1176 severius,
2037 1108 2289 1177 quanto
2341 1103 2453 1161 vel
2503 1102 2840 1161 sanctiore
2897 1102 2978 1159 in

726 1200 1002 1245 munere
1031 1185 1287 1244 versati
1338 1184 1493 1256 sint,
1547 1183 1658 1242 vel
1709 1185 1995 1257 gradum
2041 1182 2394 1257 dignitatis
2437 1184 2748 1242 altiorem
2799 1181 2975 1240 obti-

726 1266 1019 1325 nuerint.
1054 1267 1349 1324 Potentes
1369 1268 1670 1341 potenter
1697 1268 2016 1322 tormenta
2038 1265 2387 1340 patientur
2441 1262 2748 1343 (l).--Ita
2803 1277 2976 1321 sane

726 1346 1150 1405 maiestatem
1172 1345 1438 1419 imperii
1467 1344 1854 1403 reverentia
1893 1344 2145 1403 civium
2176 1344 2458 1403 honesta
2501 1350 2572 1403 et
2598 1344 2816 1402 libens
2863 1358 2976 1400 co-

726 1426 1097 1485 mitabitur.
1142 1424 1404 1483 Etenim
1436 1440 1589 1483 cum
1618 1424 1828 1483 semel
1857 1424 1928 1483 in
1959 1424 2259 1483 animum
2289 1424 2709 1497 induxerint,
2761 1423 2977 1498 polle-

726 1523 824 1580 re,
852 1506 971 1580 qui
992 1506 1349 1580 imperant,
1380 1505 1786 1565 auctoritate
1815 1522 1855 1563 a
1887 1504 2026 1563 Deo
2059 1505 2240 1578 data,
2275 1504 2394 1562 illa
2426 1504 2697 1578 quidem
2744 1503 2979 1562 officia

728 1587 905 1645 iusta
938 1603 1019 1645 ac
1044 1586 1273 1644 debita
1305 1602 1451 1644 esse
1474 1585 1790 1658 sentient,
1841 1586 2020 1644 dicto
2064 1584 2418 1644 audientes
2469 1601 2615 1643 esse
2653 1583 2978 1659 principi-

726 1667 876 1740 buS,
908 1667 1295 1740 eisdemque
1329 1667 1726 1739 obsequium
1756 1682 1838 1724 ac
1870 1666 2071 1724 fidem
2099 1672 2448 1739 praestare
2477 1681 2633 1723 cum
2680 1665 2984 1739 quadam

725 1748 1171 1807 >similitudine
1202 1747 1494 1821 pietatis,
1530 1762 1704 1820 qnae
1737 1747 2104 1805 liberorum
2133 1754 2236 1805 est
2265 1761 2430 1820 erga
2460 1753 2797 1820 parentes.
2829 1744 2982 1804 Om-

726 1829 835 1887 ‘nis
866 1829 1094 1886 anima
1133 1829 1567 1905 potestatibus
1597 1828 2084 1887 sublimioribus
2123 1827 2387 1885 subdita
2417 1828 2522 1884 sit.
2572 1824 2982 1905 (2).-Sper-

729 1925 893 1967 nere
916 1908 1165 1983 quippe
1208 1915 1611 1982 potestatem
1642 1908 2035 1983 legitimam,
2067 1907 2308 1980 quavis
2359 1923 2508 1966 eam
2556 1908 2627 1965 in
2683 1920 2981 1981 persona

728 2005 878 2047 esse
906 1989 1307 2061 constiterit,
1342 2004 1476 2047 non
1508 1991 1726 2063 magis
1755 1990 1940 2061 licet,
1976 2004 2180 2060 quam
2211 1987 2481 2045 divinae
2504 1986 2840 2047 voluntati
2872 2000 2983 2044 re-

733 2070 996 2128 sistere:
1027 2070 1137 2128 cui
1166 2070 1223 2127 si
1253 2069 1370 2143 qui
1398 2069 1740 2142 resistant,
1769 2069 1838 2127 in
1879 2068 2225 2127 interitum
2265 2072 2469 2126 ruunt
2492 2066 2978 2127 voluntarium.

740 2150 873 2219 Qui
899 2150 1142 2208 resistit
1166 2150 1495 2226 potestati,
1519 2151 1645 2208 Dei
1668 2150 2075 2207 ordinationi
2095 2149 2369 2225 resistit;
2391 2148 2504 2225 qui
2529 2153 2750 2207 autem
2773 2146 2983 2206 resis-

732 2236 903 2303 tunt,
929 2230 1063 2307 ipsi
1086 2231 1211 2288 sibi
1240 2231 1732 2289 damnationem
1781 2231 2142 2307 acquirunt
2187 2228 2300 2307 (3).
2358 2227 2783 2303 Quapropter
2819 2227 2981 2285 obe·

733 2310 1058 2368 dientiam
1088 2309 1408 2383 abiicere,
1444 2317 1532 2384 et,
1568 2326 1689 2385 per
1721 2310 1858 2369 vim
1901 2307 2376 2381 multitudinis,
2409 2324 2554 2368 rem
2584 2309 2674 2367 ad
2703 2308 2979 2366 seditio·

732 2407 886 2449 nem
913 2405 1162 2449 vocare
1197 2397 1297 2449 est
1341 2390 1598 2449 crimen
1628 2391 2024 2467 maiestatis,
2047 2403 2268 2463 neque
2317 2390 2652 2448 humanae
2684 2394 2976 2461 tantum,

734 2472 854 2531 sed
884 2471 1087 2530 etiam
1116 2470 1411 2530 divinae.

893 2552 1038 2610 Hac
1070 2553 1333 2610 ratione
1365 2553 1800 2611 constitutam
1823 2550 2195 2624 civitatem,
2227 2549 2660 2624 perspicuum
2683 2556 2808 2623 est,
2841 2563 2979 2609 om-

732 2633 891 2692 nino
936 2632 1186 2692 debere
1216 2633 1523 2707 plurimis
1566 2633 2017 2706 maximisque
2050 2632 2314 2705 officiis,
2363 2647 2537 2704 quae
2567 2633 2788 2705 ipsam
2830 2629 2980 2688 iun-

735 2720 905 2789 gunt
946 2712 1109 2787 Dee,
1158 2713 1488 2787 religione
1533 2713 1806 2787 publica
1851 2711 2618 2772 satisfacere.-—Natura
2662 2718 2729 2770 et
2771 2708 2975 2784 ratio,

722 2810 910 2869 quae
939 2794 1127 2852 iubet
1158 2794 1458 2869 singulos
1506 2801 1740 2853 sancte
1772 2793 2224 2868 religioseque
2253 2792 2468 2851 Deum
2513 2793 2759 2865 colere,
2795 2790 2979 2865 quod

732 2874 804 2932 in
834 2874 978 2932 eius
1008 2880 1341 2948 potestate
1373 2890 1622 2947 sumus,
1658 2881 1726 2932 et
1757 2874 1935 2947 quod
1967 2874 2053 2932 ab
2099 2888 2176 2931 eo
2207 2870 2504 2947 profecti
2529 2872 2619 2931 ad
2661 2872 2976 2931 eumdem

734 2954 989 3013 reverti
1018 2955 1362 3027 debemus,
1397 2956 1635 3013 eadem
1664 2955 1818 3028 lege
1849 2953 2215 3029 adstringit
2240 2953 2514 3012 civilem
2537 2952 2977 3012 communita-

735 3044 891 3094 tem.
925 3034 1245 3093 Homines
1276 3035 1455 3094 enim
1484 3035 1821 3094 communi
1852 3036 2175 3094 societate
2201 3033 2546 3092 coniuncti
2576 3033 2786 3091 nihilo
2818 3037 2978 3090 sunt

736 3115 955 3174 minus
986 3116 1054 3173 in
1083 3114 1209 3174 Dei
1238 3122 1593 3190 potestate,
1623 3131 1826 3188 quam
1855 3115 2129 3190 singuli:
2156 3130 2375 3188 neque
2398 3114 2746 3187 minorem,
2775 3128 2981 3186 quam

737 3194 1010 3270 singuli,
1064 3197 1357 3269 gratiam
1404 3196 1544 3254 Deo
1598 3197 1886 3255 societas
1937 3197 2162 3269 debet,
2197 3211 2325 3268 quo
2379 3202 2656 3253 auctore
2699 3193 2976 3266 coaluit,

737 3276 929 3336 cuius
955 3284 1125 3335 nutu
1146 3284 1604 3352 conservatur,
1628 3276 1819 3335 cuius
1842 3276 2172 3334 beneficio
2196 3274 2760 3334 innumerabilem
2776 3274 2981 3332 bono·

734 3370 905 3429 rum,
934 3356 1177 3429 quibus
1201 3356 1439 3430 affluit,
1466 3358 1730 3432 copiam
1760 3357 2047 3432 accepit.
2075 3356 2499 3431 Quapropter
2523 3355 2698 3416 sieut
2727 3353 2984 3413 nemini

736 3435 899 3520 licet
929 3452 1055 3496 sua
1104 3436 1433 3498 adversus
1462 3438 1676 3496 Deum
1725 3437 1951 3496 officia
2001 3437 2376 3511 negligere,
2413 3436 2845 3509 officiumque
2879 3441 2984 3493 est

736 3517 1105 3575 maximum
1122 3518 1443 3592 amplecti
1462 3525 1528 3576 et
1549 3519 1771 3576 animo
1793 3525 1860 3576 et
1878 3519 2175 3576 moribus
2193 3517 2609 3594 religionem,
2633 3531 2760 3575 nec
2777 3531 2986 3590 quam

734 3598 1023 3671 quisque
1053 3599 1387 3672 maluerit,
1425 3599 1543 3656 sed
1596 3615 1798 3672 quam
1829 3598 2009 3657 Deus
2060 3597 2353 3670 iusserit,
2388 3613 2725 3670 quamque
2777 3595 2986 3654 certis

736 3678 1145 3752 minimeque
1170 3678 1563 3738 dubitandis
1590 3678 1862 3737 indiciis
1894 3694 2098 3738 unam
2122 3693 2211 3737 ex
2243 3678 2554 3737 omnibus
2575 3692 2810 3736 veram
2833 3690 2986 3734 esse

736 3759 1138 3818 constiterit:
1174 3760 1408 3818 eodem
1451 3759 1646 3818 modo
1679 3759 1992 3818 civitates
2023 3774 2158 3818 non
2191 3765 2490 3834 possunt,
2529 3758 2702 3816 citra
2733 3757 2983 3830 scelus,

738 3855 979 3914 gerere
1002 3855 1072 3898 se
1098 3846 1440 3914 tamquam
1464 3840 1520 3898 si
1544 3839 1724 3899 Deus
1750 3840 2016 3899 omnino
2047 3855 2181 3899 non
2205 3845 2403 3911 esset,
2426 3845 2543 3898 aut
2564 3853 2798 3897 curam
2829 3837 2988 3896 reli-

738 3921 958 3996 gionis
982 3921 1169 3980 velut
1194 3921 1486 3980 alienam
1504 3921 1807 3994 nihilque
1841 3921 2264 3996 profuturam
2288 3919 2609 3995 abiicere,
2639 3925 2758 3980 aut
2779 3917 2989 3979 ascis-

881 4103 955 4169 (1)
1026 4100 1155 4168 Sap.
1180 4099 1282 4169 VI,
1314 4100 1363 4157 7.

882 4177 958 4240 (2)
1028 4172 1191 4230 Rom.
1220 4171 1377 4240 xm,
1406 4171 1455 4226 1.

881 4246 957 4316 (3)
1028 4242 1179 4299 lbid.
1206 4243 1369 4298 XIII.
1396 4247 1443 4301 2.
