3332 5100
1632 284 1952 343 —62—

672 434 752 497 nt
784 431 889 495 ita
924 429 1185 510 dicam,
1224 428 1637 493 accesorias
1671 447 1800 493 seu
1833 428 2309 518 secundarias
2339 429 2662 511 respicit,
2695 430 2922 513 atque

672 538 834 602 ideo
901 535 1491 618 derogationibus
1556 535 1679 599 vel
1741 534 2262 599 mutationibus
2330 536 2748 619 subjicitur,
2813 536 2920 601 uti

672 644 871 726 leges
908 644 1107 707 circa
1139 642 1331 707 bona
1401 642 1907 707 ecclesiastica
1963 642 2524 725 eorumdemque
2581 643 2922 707 adminis-

673 752 1062 817 trationem
1100 754 1173 814 et
1206 750 1811 831 distributionem,
1840 749 2277 832 judiciorum
2340 750 2690 832 ordinem,
2733 750 2921 814 elec-

670 859 945 922 tionum
979 858 1313 938 formam,
1352 856 1646 939 aliaque
1680 856 1944 920 similia
1978 860 2387 937 versantes3
2427 873 2614 937 quae
2679 855 2922 920 omnia

671 984 803 1049 pro
840 965 1203 1030 varietate
1234 968 1639 1047 temporum
1675 980 2060 1047 rerumque
2100 963 2464 1045 adjunctis
2524 963 2616 1027 ab
2671 962 2920 1029 Eccle-

671 1072 781 1137 sia
816 1071 1161 1154 abrogari
1219 1072 1341 1136 vel
1376 1070 1654 1135 variari
1693 1075 1986 1154 queunt,
2025 1070 2155 1135 sed
2209 1070 2348 1135 hac
2406 1070 2686 1152 triplici
2737 1070 2920 1134 limi-

670 1179 973 1244 tatione:

854 1288 960 1351 La
1051 1285 1426 1350 Immutari
1460 1303 1605 1349 non
1640 1285 1906 1349 debent
1957 1302 2046 1349 ea
2082 1284 2510 1366 disciplinae
2553 1284 2921 1366 generalis

674 1394 944 1476 capita,
982 1412 1074 1457 ex
1108 1411 1410 1475 quorum
1446 1392 1924 1474 derogatione
1958 1392 2080 1458 vel
2139 1392 2538 1456 mutatione
2595 1391 2924 1474 ingentia

672 1501 868 1565 mala
902 1500 979 1564 in
1014 1500 1345 1564 Ecclesia
1381 1500 1854 1582 gignerentur
1889 1502 2016 1563 aut
2050 1499 2302 1582 gravis
2359 1498 2814 1563 deordinatio
2848 1500 2924 1561 in

673 1607 941 1691 populo
980 1605 1387 1671 Christiano
1426 1613 1878 1689 sequeretur.

851 1714 960 1779 2³²
1052 1711 1431 1778 Custodire
1467 1719 1539 1777 et
1573 1698 1883 1779 fideliter
1944 1712 2206 1795 exequi
2260 1714 2576 1795 oportet,
2628 1711 2768 1776 nisi
2799 1712 2922 1776 bo-

671 1840 842 1886 num
896 1821 1243 1904 generale
1276 1820 1651 1885 Ecclesiae
1710 1824 1836 1884 aut
1890 1821 2296 1884 animarum
2355 1821 2658 1884 aeterna
2725 1820 2922 1883 salus

674 1930 889 1993 aliter
916 1930 1393 2011 postularent,
1431 1929 1657 2011 leges,
1698 1946 1965 2010 praxes
2003 1932 2076 1991 et
2107 1926 2442 1992 instituta
2502 1926 2922 2009 disciplina-

673 2037 785 2100 ria
818 2036 1105 2100 collatis
1143 2036 1463 2099 consiliis
1513 2036 1823 2117 sancita,
1862 2034 2299 2117 praesertim
2356 2051 2532 2099 vero
2582 2050 2714 2115 per
2756 2050 2922 2097 con-

676 2143 977 2208 cordata
1022 2142 1213 2207 inter
1246 2140 1587 2206 Sanctam
1622 2140 1880 2207 Sedem
1938 2146 2009 2205 et
2064 2142 2442 2224 Principes
2501 2141 2922 2205 saeculares

672 2249 877 2330 inita,
918 2250 1088 2331 quia
1118 2248 1435 2330 “justitia
1469 2253 1542 2313 et
1575 2249 1882 2313 rationis
1917 2250 2091 2313 ordo
2128 2248 2411 2331 suadet,
2441 2252 2520 2312 ut
2555 2248 2676 2331 qui
2703 2266 2746 2311 a
2773 2246 2923 2311 suis

675 2358 1177 2421 succesoribus
1212 2357 1554 2421 mandata
1590 2376 1722 2422 sua
1746 2358 2031 2423 servari
2062 2357 2452 2439 desiderat,
2492 2355 2923 2438 praedeces-

674 2466 857 2530 soris
892 2466 1000 2529 sui
1033 2465 1483 2530 voluntatem
1520 2472 1739 2549 atque
1773 2472 2049 2529 statuta
2087 2464 2488 2549 custodiat„
2531 2464 2652 2545 (1).

850 2574 959 2637 33²
1046 2573 1227 2638 Jura
1259 2580 1332 2638 et
1364 2575 1754 2656 privilegia
1811 2573 2306 2638 Ecclesiarum
2366 2571 2925 2656 particularium
2991 2639 3002 2646 ,

676 2681 1071 2747 observare
1108 2699 1180 2746 et
1214 2681 1455 2746 colere
1497 2681 1733 2763 decet;
1787 2700 1979 2763 nam,
2035 2687 2111 2745 ut
2165 2680 2474 2746 Sanctus
2525 2678 2924 2762 Gregorius

674 2787 979 2870 Magnus
1012 2789 1104 2852 ad
1127 2789 1581 2853 Dominicum
1604 2789 2043 2871 Episcopum
2069 2787 2720 2870 Carthaginensem
2748 2785 2925 2849 scri-

673 2895 918 2960 bebat:
942 2896 1134 2961 Sicut
1148 2905 1387 2961 nostra
1407 2895 1860 2981 defendimus,
1873 2898 1974 2961 ita
1991 2897 2284 2982 sinqulis
2309 2897 2678 2980 quibusque
2691 2895 2925 2960 Eccle-

673 3004 801 3068 siis
834 3025 962 3068 sua
979 3007 1159 3091 jura
1212 3024 1567 3068 servamus
1603 3003 1724 3084 (2).
1764 3003 2036 3068 Eadem
2078 3005 2167 3069 de
2233 3023 2456 3068 causa
2488 3004 2719 3068 Divus
2774 3002 2924 3067 Leo

674 3111 1001 3193 MagnuS,
1042 3112 1335 3175 decreto
1374 3109 1675 3175 Concilii
1707 3109 2174 3177 Oecumenici
2206 3117 2280 3176 et
2303 3110 2666 3177 voluntati
2692 3109 2925 3192 Impe-

675 3218 840 3282 riali
867 3220 1259 3300 reluctans,
1291 3237 1643 3283 canonem
1673 3218 1987 3284 XXVIII
2007 3217 2618 3283 Chalcedonensis
2649 3216 2921 3300 Sinodi,

676 3343 816 3407 quo
830 3324 1049 3390 Sedes
1066 3324 1871 3410 Constantinopolitana
1901 3325 2487 3407 praeeminentia
2516 3324 2924 3406 acdignita-

675 3435 747 3496 te
772 3436 989 3496 aucta
1013 3438 1173 3496 erat
1208 3432 1560 3500 adversus
1581 3434 1753 3515 jura
1791 3433 2289 3498 Ecclesiarum
2321 3431 2819 3496 Alexandriae
2853 3436 2927 3495 et

674 3537 1155 3604 Anthiochiae
1190 3559 1234 3604 a
1268 3538 1589 3605 Concilio
1625 3539 1950 3605 Nicaeno
1987 3540 2364 3604 declarata
2405 3541 2478 3603 et
2513 3539 2921 3621 recognita,

674 3647 1079 3729 apostolica
1134 3648 1475 3712 firmitate
1532 3665 1823 3729 semper
1856 3648 2159 3730 respuit,
2218 3648 2323 3710 ita
2381 3647 2791 3710 loculenter
2833 3644 2930 3709 ad

674 3753 927 3818 Patres
946 3753 1572 3820 Chalcedonenses
1600 3754 2004 3837 alloquens:
2039 3757 2144 3820 De
2172 3754 2644 3820 custodiendis
2671 3773 2929 3838 quoque

672 3860 1084 3928 Sanctorum
1138 3865 1430 3930 Patrum
1462 3864 1761 3945 statuti-3,
1798 3883 1970 3946 quae
2018 3864 2094 3928 iu
2147 3861 2422 3950 Synodo
2455 3862 2771 3926 Nicaena
2823 3862 2927 3926 iu-

676 4007 995 4015 -——-——-——-—

818 4148 895 4216 (1)
968 4145 1209 4200 Justitia
1235 4150 1321 4209 25,
1348 4161 1401 4212 q.
1432 4146 1474 4197 I.

820 4219 901 4288 (2)
976 4216 1103 4272 Lib.
1130 4219 1204 4284 H,
1231 4215 1385 4286 epist.
1412 4215 1499 4281 47,
1530 4215 1603 4269 al.
1632 4221 1719 4270 39.
