3332 5100
1250 277 1565 333 -87-

464 418 769 484 Demum
798 437 891 483 ex
920 420 1345 502 Traditione,
1368 419 1597 483 veluti
1616 419 1661 484 J
1666 420 1814 485 uris
1849 419 2346 486 Ecclesiastici
2369 422 2524 488 fon·

294 528 388 607 te,
425 525 879 591 validissima
914 530 1345 608 argumenta
1382 529 1754 609 petuntur,
1807 527 2404 612 quotiescumque
2435 528 2526 593 de

292 632 427 696 fide
462 637 539 696 et
570 632 917 714 moribus,
955 632 1046 697 de
1080 632 1309 697 sacris
1373 633 1656 716 ritibus,
1724 633 1958 715 deque
2015 634 2523 699 ecclesiastica

293 738 675 821 disciplina
704 740 783 803 in
814 739 859 804 J
864 758 990 803 ure
1018 738 1385 804 Canonico
1420 739 1898 822 disceptatur,
1937 758 2375 823 quamquam
2401 742 2524 807 ho-

290 865 445 911 rum
480 854 1073 931 argumentorum
1103 850 1217 914 vis
1248 853 1321 912 et
1353 848 1754 933 auctoritas
1821 848 2034 911 varia
2096 848 2188 912 sit
2223 867 2354 931 pro
2391 867 2518 914 va·

290 956 397 1018 ria
428 956 713 1037 origine
748 956 1241 1019 traditionum:
1280 955 1427 1018 alia
1461 962 1571 1019 est
1604 956 1796 1019 enim
1832 956 2232 1019 auctoritas
2301 955 2523 1019 tradi·

291 1062 505 1126 tionis
531 1080 723 1145 quae
753 1081 800 1127 a
831 1062 988 1127 Deo
1018 1060 1378 1145 procedit,
1416 1069 1489 1126 et
1522 1064 1672 1128 alia
1734 1062 2146 1127 traditionis
2208 1079 2400 1146 quae
2431 1062 2526 1128 ab

288 1170 579 1236 homine
609 1175 845 1236 ortum
870 1170 1117 1236 habet.

465 1274 577 1342 79.
673 1276 787 1341 Ad
818 1276 1419 1343 internoscendas
1452 1280 1734 1345 divi-nas
1796 1276 2226 1345 traditiones
2280 1276 2374 1343 ab
2403 1278 2524 1344 hu-

287 1386 534 1466 manis,
566 1384 751 1449 haec
783 1387 1151 1467 generalis
1218 1388 1475 1469 regula
1512 1386 1880 1451 statuitur:
1945 1387 2398 1473 Inspicienda
2427 1395 2530 1453 est

287 1497 425 1555 tum
458 1494 620 1577 ipsa
656 1492 1060 1559 traditionis
1092 1496 1411 1578 materia,
1439 1502 1581 1561 tum
1610 1493 2027 1560 Sanctorum
2051 1496 2345 1559 Patrum
2377 1514 2526 1559 sen·

286 1601 519 1683 tentia,
555 1608 697 1667 tum
709 1601 1095 1686 praecipue
1128 1601 1483 1667 Ecclesiae
1540 1601 1888 1667 doctrina:
1918 1600 2088 1665 hinc
2132 1604 2280 1665 tres
2311 1618 2522 1684 regu-

284 1706 398 1771 lae
428 1708 920 1790 particulares
954 1708 1407 1774 deducuntur
1442 1726 1620 1792 prae
1656 1709 1886 1773 oculis
1916 1708 2057 1774 hac
2089 1709 2166 1775 in
2223 1726 2306 1773 re
2339 1726 2522 1775 sem·

284 1830 415 1895 per
444 1813 859 1879 habendae:

462 1922 571 1985 1.ει
666 1922 985 1989 Traditio
1017 1923 1262 1988 divina
1294 1930 1413 2005 est,
1473 1924 1536 1988 si
1600 1924 1750 2010 ejus
1813 1924 2112 1989 materia
2167 1924 2263 1991 ad
2318 1924 2526 2011 fidem

274 2030 648 2113 pertineat,
682 2037 805 2096 aut
829 2031 924 2096 sit
955 2051 1195 2096 earum
1229 2051 1482 2113 rerum,
1519 2050 1694 2114 quae
1718 2031 2088 2096 humanam
2113 2038 2526 2115 potestatem

285 2144 639 2222 superant,
675 2138 777 2201 uti
840 2156 915 2203 v.
953 2156 1023 2220 g.
1060 2138 1371 2203 materia
1434 2140 1507 2201 et
1570 2138 1808 2203 forma
1855 2137 2518 2205 Sacramentorum:

286 2244 470 2308 ratio
508 2244 721 2325 huJus
753 2246 1054 2327 regulae
1084 2251 1215 2328 est,
1251 2247 1422 2329 quia
1476 2246 1655 2311 fides
1720 2246 1954 2311 solum
2017 2246 2251 2312 Deum
2302 2246 2526 2311 habet

285 2357 685 2435 auctorem,
724 2356 798 2417 et
858 2352 1335 2418 Sacramenta
1358 2374 1403 2418 a
1428 2356 1582 2419 solo
1609 2354 1766 2419 Deo
1796 2355 2074 2419 institui
2103 2358 2430 2437 possunt.

458 2460 573 2525 2.²
660 2462 944 2526 Pariter
976 2463 1263 2527 traditio
1290 2463 1531 2527 divina
1568 2469 1686 2543 est,
1723 2463 1786 2529 si
1820 2464 2000 2546 quod
2020 2463 2379 2549 praecipit
2403 2468 2526 2527 aut

286 2569 559 2650 statuit,
597 2569 674 2633 id
706 2571 1197 2635 consentientes
1223 2572 1405 2636 inter
1435 2592 1504 2636 se
1538 2572 1788 2635 Patres
1823 2579 2176 2654 tamquam
2208 2577 2526 2636 oretenus

286 2696 329 2738 a
366 2674 645 2743 Christo
676 2677 783 2742 vel
818 2699 862 2742 a
894 2676 1171 2762 Spiritu
1203 2676 1455 2743 Sancto
1487 2678 1842 2759 dictatum,
1878 2675 2244 2763 Apostolos
2305 2677 2524 2743 tradi-

285 2781 464 2848 disse
493 2789 846 2865 testentur,
880 2791 1001 2849 aut
1026 2784 1103 2849 id
1132 2786 1511 2870 generatim
1543 2785 1913 2870 affirment,
1943 2784 2038 2849 ad
2072 2791 2526 2868 praeceptum

286 2889 621 2971 divinum,
657 2890 801 2954 sive
832 2890 927 2955 ad
960 2891 1271 2956 divinam
1326 2891 1828 2956 institutionem
1879 2893 2269 2976 pertinere;
2302 2907 2524 2972 quan-

288 2995 677 3080 doquidem
709 2997 958 3063 Sancti
990 2999 1246 3063 Patres
1281 3003 1449 3064 sunt
1480 2999 1790 3082 legitimi
1824 2998 2238 3064 divinarum
2301 2996 2526 3062 tradi-

285 3104 559 3168 tionum
586 3107 835 3170 testes.

458 3212 573 3276 3.*
668 3213 1067 3280 Traditioni
1100 3214 1380 3280 divinae
1411 3214 1848 3279 tribuendum
1881 3221 1984 3279 est
2033 3214 2373 3298 quidquid
2393 3213 2524 3280 Εσ-

289 3318 499 3385 clesia
532 3328 883 3405 tamquam
916 3321 1253 3386 divinitus
1285 3322 1622 3387 traditum
1654 3323 1968 3389 observat
2001 3329 2122 3386 aut
2155 3322 2366 3404 docet,
2404 3342 2526 3387 nec

288 3427 357 3490 in
386 3425 631 3493 Sacris
665 3428 951 3496 Litteris
984 3431 1391 3495 continetur.-
1444 3430 1631 3494 ratio
1698 3430 2054 3512 ejusmodi
2108 3433 2526 3514 postremae

288 3533 588 3615 regulae
614 3534 691 3598 in
716 3553 801 3599 eo
834 3536 979 3600 sita
1012 3539 1146 3618 est,
1178 3537 1371 3619 quod
1402 3536 1738 3601 Ecclesia
1770 3536 2152 3602 Catholica
2216 3537 2420 3602 hisce
2449 3536 2525 3601 in

294 3639 509 3706 rebus
546 3658 797 3706 errare
823 3647 1166 3724 nequeat.
