3332 5100
1208 342 1566 400 -289—

440 488 814 568 Ejusmodi
872 488 1206 552 collectio
1274 488 1781 568 complectitur
1847 488 2229 572 sequentia.
2293 488 2501 554 docu-

266 602 538 658 menta:
580 596 920 674 Decreta,
954 614 1142 676 quae
1172 594 1504 660 Gratiani
1558 596 2007 676 diligentiam
2063 598 2503 680 effugerant,

264 702 830 768 Constitutiones
868 702 1316 766 Summorum
1374 704 1797 766 Pontificum
1859 708 2023 786 post
2079 704 2509 770 Gratianum

262 810 500 874 editas
538 828 764 892 usque
830 810 924 874 ad
980 810 1470 874 Caelestinum
1518 810 1650 894 III,
1715 814 1789 874 et
1829 828 2145 876 canones
2205 812 2509 878 Concilii

262 918 785 982 Lateranensis
818 918 948 982 III.

442 1026 856 1090 Bernardus
886 1024 1090 1090 Circa
1130 1044 1336 1090 suum
1388 1044 1566 1108 opus
1616 1026 1691 1090 in
1725 1028 2041 1110 quinque
2103 1026 2327 1092 libros
2385 1028 2507 1092 tri-

266 1134 446 1214 buit,
486 1134 712 1196 libros
748 1134 820 1196 in
876 1133 1150 1214 titulos,
1210 1134 1456 1196 titulos
1512 1134 1586 1196 in
1648 1134 1916 1214 capita:
1981 1134 2165 1198 liber
2231 1134 2507 1216 primus

264 1240 418 1320 agit
450 1240 538 1304 de
564 1242 820 1326 legibus
856 1240 1208 1304 Ecclesiae
1244 1244 1314 1302 et
1371 1240 1458 1304 de
1520 1242 2045 1324 Mayz'stratibus
2103 1242 2507 1306 ecclesiasti—

268 1350 396 1428 cis:
432 1348 818 1428 secundUS,
856 1348 942 1410 de
988 1348 1422 1434 judiciorum
1488 1348 1759 1428 ordina·
1797 1348 2075 1430 tertius,
2115 1348 2203 1412 de
2241 1350 2511 1414 clericis

262 1458 332 1516 et
368 1456 574 1518 rebus
610 1454 1120 1536 ecclesiasticis,·
1154 1458 1480 1534 quartus,
1520 1452 1608 1516 de
1642 1454 2079 1536 sponsalibus
2139 1458 2209 1518 et
2273 1456 2511 1520 matri-

260 1564 522 1642 mom'0;
558 1562 872 1642 quintUS,
916 1560 1004 1624 de
1036 1562 1616 1642 accusationibus,
1656 1560 1889 1642 deque
1927 1562 2199 1626 delictis
2231 1565 2303 1626 et
2347 1584 2511 1646 poc-

264 1670 390 1732 m's.
432 1668 644 1732 Hunc
680 1668 1130 1732 collectionis
1166 1668 1544 1748 Papiensis
1586 1668 1913 1730 ordinem
1943 1672 2317 1750 tamquam
2351 1688 2511 1750 pro-

262 1778 596 1858 totypum
632 1774 1048 1856 partitionis
1086 1774 1484 1838 canonicae
1536 1792 1783 1838 omnes
1849 1770 2107 1856 postea
2165 1774 2511 1840 Decreta-

264 1882 438 1946 lium
476 1884 908 1946 collectores
944 1882 1232 1964 sequuti
1264 1886 1454 1946 sunt.
1806 1966 1813 1972 ι
1923 1874 1927 1876 ’

454 1990 610 2054 259.
708 1988 818 2052 Ex
854 1990 1332 2052 monumentis
1366 1988 1721 2052 industria
1769 1986 2051 2052 Giberti
2099 1988 2403 2052 Abbatis
2441 1992 2513 2052 et

264 2098 482 2162 Alani
518 2098 860 2180 Episcopi
908 2098 1560 2162 Autissiodorensis
1618 2098 1983 2180 congestis
2045 2116 2315 2162 novam
2369 2098 2511 2162 col-

266 2206 684 2286 lectionem,
724 2222 912 2286 quae
946 2204 1264 2270 Secunda
1300 2206 1584 2286 dicitur,
1624 2224 1815 2268 anno
1867 2204 2039 2268 1202
2097 2206 2513 2270 lucubravit

266 2314 558 2394 quidam
596 2314 904 2378 Joannes
942 2312 1318 2394 Gallensz'S,
1358 2330 1512 2396 sen,
1550 2316 1628 2376 ut
1656 2312 1781 2376 alii
1817 2314 2097 2394 volunt,
2151 2314 2511 2378 Vallensis.

266 2420 588 2484 Colectio
618 2420 940 2484 secunda
998 2418 1644 2484 Constitutionibus
1713 2424 2025 2502 constat,
2087 2424 2239 2484 tum
2303 2436 2511 2500 supe-

264 2527 538 2591 riorum
574 2527 1026 2607 Pontificum,
1066 2530 1216 2589 tum
1254 2525 1648 2591 Caelestini
1683 2525 1812 2589 III.

444 2635 600 2699 260.
698 2633 1164 2697 Innocentius
1228 2633 1360 2713 III,
1426 2631 1821 2697 Caelestini
1904 2631 2011 2695 III
2105 2649 2509 2713 successor,

266 2743 640 2823 utriusque
668 2743 850 2823 juris
888 2759 976 2805 ac
1014 2739 2163 2821 TheologiaeperitissimUS,cum
2193 2739 2283 2801 ab
2323 2757 2511 2803 anno

268 2847 438 2911 1198
472 2867 700 2929 usque
740 2849 830 2911 ad
864 2865 1132 2911 annum
1168 2847 1340 2909 1216
1374 2847 1877 2927 pontificatum
1934 2845 2303 2927 gessisset,
2359 2845 2511 2927 plu-

264 2955 484 3019 rimas
522 2956 744 3019 edidit
782 2953 1352 3021 Constitutiones
1386 2959 1458 3017 et
1492 2955 1566 3017 in
1602 2953 1843 3017 multis
1893 2953 2011 3033 jus
2069 2953 2509 3017 ecclesiasti-

268 3079 424 3125 cum
494 3063 998 3143 locupletavit.
1062 3061 1332 3125 Videns
1394 3061 1584 3123 enim
1652 3061 1937 3141 copiam
2017 3059 2513 3123 Decretalium

266 3169 724 3251 summopere
761 3171 1108 3249 crevisse,
1150 3169 1390 3249 operis
1428 3169 1537 3231 sui
1586 3185 1747 3231 esse
1783 3167 1985 3229 duxit
2025 3167 2335 3231 Tertiam
2371 3167 2513 3229 col-

266 3277 654 3341 lectionem
692 3277 1218 3341 conficiendam
1252 3295 1536 3359 curare,
1576 3277 1769 3357 quod
1817 3277 2105 3359 quidem
2171 3275 2507 3357 perfecit,

270 3385 576 3465 primum
614 3403 780 3447 usus
846 3401 1069 3465 opera
1122 3385 1504 3465 cujusdam
1554 3383 1935 3465 Bernardi,
1999 3381 2517 3447 Archidiaconi

272 3489 864 3575 Compostellani,
926 3493 1224 3577 Major-is
1290 3491 1488 3571 dicti,
1550 3493 1671 3573 qui
1737 3491 2151 3571 hujusmodi
2243 3489 2511 3553 Summi

270 3597 634 3663 Pontificis
674 3597 1240 3663 Constitutiones
1282 3599 1628 3679 colligere
1687 3599 1949 3679 coepit,
2003 3599 2303 3679 ejusque
2363 3595 2505 3659 col-

270 3707 482 3771 lectio
526 3707 934 3791 Oompilatz‘o
970 3709 1286 3773 Rom-ana
1320 3709 1741 3787 nuncupata
1773 3707 1931 3769 fuit.

446 3815 586 3879 Sed
622 3833 782 3877 cum
815 3815 1172 3895 quaedam
1208 3819 1675 3877 monumenta
1711 3813 1785 3877 in
1817 3813 1955 3877 hac
1991 3809 2505 3893 compilatione

272 3921 504 3985 relata
540 3923 924 4005 antiquata
950 3927 1192 3987 essent
1224 3929 1294 3985 et
1322 3923 1412 3985 ab
1456 3921 1751 4003 ¹iudiciis
1789 3921 2157 4001 ablegata,
2205 3917 2513 3999 ideoque

274 4027 606 4094 Romanis
642 4049 786 4095 non
818 4031 1292 4113 placuissent,
1332 4029 1801 4095 Innocentius
1835 4029 1941 4092 ΙΙΙ
2009 4045 2257 4091 curam
2325 4045 2513 4091 com-

275 4137 462 4201 misit
498 4139 760 4201 edendi
790 4158 1054 4203 novam
1094 4139 1598 4203 collectionem
1663 4137 1947 4201 cuidam
2011 4135 2225 4199 Petro
2285 4135 2511 4199 Bene-

288 4253 636 4329 ventano,
676 4245 1128 4311 Subdiacono
1172 4261 1242 4311 et
1274 4247 1334 4311 N
1344 4247 1574 4309 otario
1608 4245 2053 4327 Apostolico,
2115 4245 2235 4327 qui
2293 4245 2517 4325 ipsius

2273 4351 2341 4401 20
