3332 5100
1664 387 1982 447 ..68-

708 533 837 599 sed
868 532 1195 597 omnibus
1223 532 1538 615 aliquam
1573 531 1872 597 subesse
1898 532 2430 615 exceptionem,
2465 547 2654 615 quae
2680 548 2948 596 sermo-

710 661 799 705 ne
826 640 1140 722 jnridico
1168 640 1497 725 fallentia
1532 641 1970 705 nominatur.

886 748 995 811 62.
1093 745 1291 812 Sicut
1369 747 1412 811 J
1419 765 1499 811 us
1578 746 1982 812 Romanum
2068 746 2196 810 211
2265 746 2557 828 regulas
2629 745 2954 811 continet

714 854 1029 936 Digestis
1063 854 1511 936 subiunctas,
1541 854 1646 918 ita
1681 854 1898 918 etiam
1931 855 2007 917 in
2032 852 2075 917 J
2084 870 2209 917 ure
2235 850 2603 918 Canonico
2631 852 2717 917 99
2743 870 2951 935 regu-

712 963 827 1025 lae
862 960 1326 1025 authenticae
1353 961 1816 1043 reperiuntur
1848 962 1952 1025 sic
1980 960 2436 1024 distributae:
2479 960 2559 1024 11
2595 960 2670 1023 in
2703 961 2953 1026 Dec-re-

714 1071 966 1136 talibus
1002 1068 1320 1154 Greqorii
1352 1069 1465 1133 IX
1490 1073 1563 1133 et
1583 1068 1674 1133 88
1704 1069 1778 1132 in
1811 1068 2018 1134 Sexto
2055 1068 2529 1134 Decretalium
2561 1068 2681 1153 (1).

891 1175 987 1241 Ut
1011 1176 1199 1257 juris
1234 1175 1537 1239 studiosi
1572 1174 2030 1240 authenticas
2063 1176 2357 1258 regulas
2393 1193 2571 1258 prae
2624 1175 2956 1240 manibus

714 1284 1055 1365 habeant,
1095 1286 1168 1347 et
1202 1283 1543 1366 expedite
1580 1284 1962 1348 consulere
2019 1287 2314 1366 queant,
2376 1300 2526 1367 eas,
2587 1282 2828 1366 prouti
2880 1281 2960 1347 in

720 1391 1037 1476 Corpore
1068 1391 1113 1456 J
1119 1393 1265 1457 uris
1301 1390 1688 1470 habentur,
1726 1390 1890 1455 heic
1924 1391 2370 1473 subjicimus,

993 1584 1277 1676 Regulae
1323 1584 1396 1657 in
1442 1583 1887 1657 Decretalibus
1935 1582 2342 1673 Gregorianis
2387 1584 2684 1680 insertae.

896 1791 955 1857 Ι.
1054 1782 1302 1851 Omnis
1328 1802 1446 1848 res
1478 1801 1611 1867 per
1638 1800 2129 1866 quascumque
2166 1800 2425 1849 causas
2453 1782 2801 1863 nascitur,
2832 1798 2965 1863 per

724 1902 1016 1967 easdem
1043 1893 1492 1961 dissolvitur.

895 2008 992 2072 II.
1088 2002 1331 2069 Dubia
1356 2000 1429 2064 in
1458 1998 1830 2064 meliorem
1857 2000 2143 2081 partem
2171 1998 2643 2081 interpretari
2671 1995 2962 2061 debent.

899 2089 1031 2179 III.
1128 2110 1392 2177 Utilius
1440 2104 1866 2170 scandalum
1920 2106 2388 2189 permittitur,
2421 2123 2638 2188 quam
2690 2104 2967 2170 veritas

722 2222 1200 2304 relinquatur.

901 2328 1025 2393 IV.
1125 2322 1330 2406 Quod
1365 2340 1509 2385 non
1545 2324 1655 2386 est
1687 2320 1965 2385 licitum
1998 2320 2073 2383 in
2105 2320 2270 2402 lege
2305 2317 2970 2384 neccessitas-facit

726 2438 1027 2503 licitum.
2429 2473 2435 2480 -

900 2543 988 2609 V.
1088 2537 1293 2622 Quod
1324 2537 1579 2603 illicite
1614 2535 2102 2602 introductum
2130 2538 2264 2620 est,
2302 2535 2505 2601 nulla
2554 2533 2770 2599 debet
2825 2536 2971 2598 sta·

728 2651 1014 2716 bilitate
1047 2647 1466 2713 subsistere.

902 2756 1027 2822 VI.
1126 2754 1541 2834 Tormenta,
1594 2748 1880 2814 indiciis
1925 2766 2071 2813 non
2119 2748 2752 2833 praecedentibUS,
2791 2746 2976 2811 infe·

728 2864 954 2931 reuda
986 2879 1135 2928 non
1168 2863 1360 2925 sunt.

905 2970 1066 3037 VII.
1167 2966 1579 3048 Sacrilegus
1622 2968 1734 3031 est
1793 2963 2142 3029 ofendens
2200 2981 2356 3028 rem
2408 2963 2532 3028 vel
2563 2957 2570 2964 ’
2587 2979 2981 3046 personam

733 3076 1332 3146 ecclesiasticam.

907 3185 1107 3251 VIII.
1206 3179 1344 3262 Qui
1370 3199 1462 3245 ex
1487 3180 1747 3245 timore
1774 3180 1954 3244 facit
1980 3181 2480 3262 praeceptum,
2512 3178 2729 3243 aliter
2761 3195 2983 3260 quam

736 3295 996 3360 debeat
1030 3291 1233 3374 facit,
1272 3292 1346 3354 et
1379 3289 1541 3353 ideo
1569 3289 1726 3370 jam
1750 3305 1895 3352 non
1927 3287 2131 3352 facit.
2683 3278 2688 3281 ’

910 3400 1040 3467 ΙΧ.
1138 3396 1575 3464 Commitens
1609 3413 1828 3460 unum
1863 3397 2270 3477 peccatum,
2309 3409 2476 3458 reus
2510 3397 2622 3457 est
2665 3392 2986 3458 omnium

738 3508 976 3594 quoad
1007 3507 1238 3574 vitam
1272 3507 1679 3570 aeternam.

912 3617 1005 3683 X.
1100 3602 1528 3697 Ignorantia
1560 3629 1709 3677 non
1741 3613 2047 3677 excusat
2076 3610 2518 3691 Praelatum,
2548 3607 2624 3671 in
2657 3607 2987 3688 peccatis

738 3724 1213 3790 subditorum.

914 3831 1043 3896 XI.
1139 3830 1277 3894 Pro
1314 3825 1814 3913 spiritualibus
1863 3824 2278 3906 homagium
2327 3843 2472 3890 non
2535 3827 2982 3908 praestatur.

884 4188 899 4246 ί,
909 4184 959 4251 1)
1033 4183 1117 4236 De
1141 4144 1375 4248 Regalis
1407 4178 1562 4234 Juris
1589 4180 1757 4233 confi:
1778 4180 2058 4244 Maschat,
2087 4176 2468 4234 Institutiones
2499 4177 2662 4233 Juris
2714 4176 2996 4246 Canonici,

740 4257 906 4319 lib.V,
932 4259 1017 4310 tit.
1046 4257 1131 4318 41,
1157 4250 1383 4321 Regalis
1396 4250 1564 4318 juri&
1593 4252 1877 4319 Pirrhing‚
1901 4249 2010 4305 Jus
2041 4250 2384 4320 Canonicum,
2411 4251 2590 4317 lib.V,
2610 4254 2703 4305 tit..
2730 4255 2815 4315 413
2841 4249 2993 4304 Reif-

740 4329 1007 4392 fenstuel,
1033 4326 1123 4380 De
1146 4321 1528 4394 regulisjuria
