3332 5100
1267 335 1623 395 -225-

329 475 519 559 quod
543 479 863 543 habitum
893 481 1001 541 est
1037 495 1223 541 anno
1253 479 1403 557 769,
1437 481 1565 543 sub
1595 479 1964 563 Stephano
2022 481 2130 545 III
2190 483 2562 565 Pontifice,

327 583 611 647 actione
633 583 759 663 IV,
799 583 901 645 ita
935 585 1265 665 legimus:
1293 587 1451 649 Non
1483 587 1788 669 amplius
1820 589 2296 671 suscipiantur
2350 587 2566 673 Apos-

325 689 615 754 tolorum
651 709 985 755 cano-num
1005 693 1293 773 prolata
1315 711 1447 774 per
1475 691 1543 755 S.
1591 691 2018 773 Clementem,
2054 697 2192 757 nisi
2230 697 2564 777 quinqua-

322 803 515 885 qinta
549 801 805 883 capita,
845 821 1015 881 qaae
1051 801 1339 883 suscipit
1375 799 1631 865 Sancta
1665 803 1802 865 Dea·
1836 801 2210 881 Catholica,
2252 803 2570 867 Romana

321 907 637 971 Ecclesia
683 905 803 985 (1);
847 911 921 967 et
969 905 1043 967 in
1083 903 1345 969 Codice
1397 905 1848 987 Dionysiano
1906 905 1998 969 ab
2056 903 2392 969 Ecclesia
2434 905 2568 969 Ro-

323 1029 541 1075 mana
603 1011 913 1091 probato
981 1015 1055 1073 et
1119 1011 1495 1073 sanctione
1581 1011 1960 1075 Pontificia
2040 1011 2338 1093 munite,
2406 1028 2568 1075 cum

325 1121 689 1187 Adrianus
719 1119 751 1183 I
779 1113 1041 1183 Carolo
1079 1119 1365 1199 Magne,
1405 1119 1852 1181 Francorum
1882 1121 2062 1201 regi,
2082 1119 2352 1181 Romae
2380 1137 2566 1181 com-

329 1229 645 1293 moranti
709 1227 911 1289 illum
969 1226 1708 1307 tradidit,·habentur
1770 1227 1988 1289 etiam
2042 1227 2570 1307 quinquaginta

321 1315 641 1403 canones
707 1337 1247 1417 Apostolorum,
1319 1353 1497 1415 quos
1553 1335 1812 1397 deinde
1876 1335 2102 1397 ceteri
2148 1335 2566 1415 compilato-

319 1465 437 1509 res
477 1445 671 1527 apud
713 1443 1041 1523 Latinos„
1103 1443 1515 1523 exemplum
1573 1443 1908 1523 Dionysii
1964 1443 2226 1523 Exigui
2282 1443 2570 1525 sequuti

319 1553 391 1617 in
425 1571 597 1617 suas
633 1551 1101 1615 collectiones
1129 1551 1473 1613 retulere.

497 1660 631 1725 3.²-
695 1659 739 1723 J
745 1677 1015 1723 oannes
1043 1657 1397 1721 Dallaeus
1425 1675 1463 1721 e
1499 1657 2080 1721 calvinianorum
2118 1661 2344 1738 secta,
2408 1675 2570 1721 cum

319 1769 549 1849 probe
577 1767 1023 1849 intelligeret
1057 1769 1403 1849 quantum
1459 1767 1714 1829 horum
1764 1783 2122 1829 canonum
2172 1765 2568 1847 antiquitas

321 1877 789 1941 calvinianae
825 1891 1091 1937 causae
1127 1875 1439 1955 obesset,
1481 1891 1603 1937 eos
1659 1873 1724 1937 V
1772 1873 2064 1936 saeculo
2126 1865 2438 1935 exeunte
2496 1871 2570 1935 in

317 1981 559 2045 lucem
625 1981 1007 2063 prodiisse,
1071 1983 1291 2061 atque
1367 1999 1409 2043 a
1469 1979 1782 2061 quodam
1868 1979 2240 2043 haeretico
2300 1997 2566 2061 graeco

323 2091 711 2171 evulgatos
777 2087 999 2151 fuisse
1057 2087 1489 2167 autumavit3
1557 2087 1724 2151 huic
1780 2087 2136 2167 singulari
2218 2085 2564 2167 opinioni,

319 2197 567 2261 nescio
599 2215 737 2277 quo
773 2195 915 2257 fine
943 2197 1015 2257 et
1041 2194 1441 2275 proposito,
1483 2195 1872 2259 assentitus
1906 2197 2016 2257 est
2072 2193 2356 2257 Natalis
2408 2193 2568 2257 Ale-

321 2303 751 2389 xander(2).
785 2301 1055 2367 Ab-hac
1085 2301 1377 2363 Dallaei
1443 2303 1808 2365 sententia
1856 2303 2264 2365 refellenda
2318 2321 2566 2385 super-

321 2411 679 2491 sedemuS,
713 2411 981 2491 quippe
1011 2427 1199 2491 quae
1255 2429 1299 2471 a
1335 2407 1722 2473 Guillelmo
1776 2409 2178 2489 Beveregio
2232 2411 2392 2473 viro
2446 2429 2568 2473 an-

321 2519 611 2598 glicano
647 2519 971 2582 refutata
1021 2522 1153 2600 est,
1219 2517 1339 2600 qui
1397 2536 1716 2582 canones
1784 2519 2222 2600 apostolicos
2276 2522 2402 2580 aut
2466 2517 2566 2581 la-

319 2626 541 2690 bente
605 2612 675 2690 II
733 2624 1111 2688 Ecclesiae
1177 2626 1469 2688 saeculo
1533 2628 1659 2688 aut
1714 2626 1822 2690 III
1884 2626 2178 2688 ineunte
2238 2626 2568 2690 conditos

321 2734 547 2798 fuisse
615 2732 1075 2814 apertissime
1135 2732 1688 2814 demonstravit,
1780 2732 2226 2796 ostendendo
2312 2738 2570 2796 contra

321 2840 709 2904 Dallaeutn
747 2838 1049 2920 antiqua
1083 2838 1459 2902 Ecclesiae
1493 2840 1806 2902 concilia
1836 2840 2088 2902 habita
2120 2840 2228 2904 III
2288 2840 2408 2904 vel
2470 2840 2570 2902 IV

321 2948 615 3012 saeculo
649 2946 1057 3028 hujusmodi
1093 2950 1407 3010 canones
1437 2948 1792 3028 attulisse,
1830 2966 1972 3010 non
2008 2948 2296 3030 quidem
2346 2946 2566 3010 nomi-

319 3074 411 3120 ne
467 3076 807 3120 canonum
872 3056 1339 3138 apostolorum
1393 3054 1521 3118 sed
1567 3056 1926 3120 frecuenti
1984 3056 2570 3118 denominatione

323 3184 663 3228 canona-m
695 3162 1075 3244 Ecclesiae,
1129 3164 1445 3244 Patrum,
1513 3160 1994 3246 Antiquorum‚
2070 3162 2570 3228 Vetustissimo-

321 3289 500 3349 rum,
538 3273 677 3331 etc.
1277 3354 1279 3356 V

500 3375 606 3439 4.²
697 3374 1073 3440 Sententia
1131 3376 1441 3458 denique
1505 3378 1874 3442 simillima
1908 3398 2114 3462 vere,
2182 3376 2572 3442 hodiedum

327 3484 801 3547 communiter
841 3486 1103 3564 acepta
1155 3488 1227 3546 et
1261 3502 1447 3564 quae
1483 3486 1690 3548 nobis
1726 3486 1958 3566 magis
1996 3486 2294 3566 arridet,
2320 3502 2426 3548 ea
2462 3486 2572 3546 est

325 3611 542 3673 quam
574 3596 989 3674 proponunt
1055 3592 1521 3656 eruditissimi
1555 3592 1906 3656 Ballerini
1946 3596 2066 3674 (3):
2106 3594 2570 3674 exploratum

329 3703 921 3782 compertumque
951 3700 1277 3762 omnibus
1315 3718 1473 3762 esse
1525 3700 1740 3762 debet
1790 3700 2178 3782 Apostolos
2218 3698 2570 3782 quasdam

331 3807 624 3889 regulas
659 3826 785 3870 seu
823 3824 1139 3870 canones
1173 3808 1505 3870 nascenti
1537 3806 1914 3872 Ecclesiae
1948 3808 2362 3888 tradidisse3
2386 3808 2566 3886 eJus-

333 3913 526 3977 modi
580 3931 899 3978 canones
933 3932 1273 3976 successu
1335 3918 1742 3996 temporum
1792 3918 1942 3978 tum
1996 3912 2390 3978 tradit-ione
2422 3930 2568 3976 ser-

480 4107 556 4174 (1)
630 4107 839 4160 Collect.
869 4106 1091 4174 Labbet',
1113 4110 1235 4160 tom.
1265 4110 1313 4172 8,
1341 4107 1537 4160 collect.
1563 4110 1686 4172 485,
1704 4104 1828 4160 edit.
1858 4108 2036 4162 Venet.

482 4184 556 4240 (2)
630 4178 777 4232 Hist.
801 4176 1005 4232 Eccles.
1035 4196 1167 4232 saec.
1199 4180 1237 4238 Ι,
1267 4180 1475 4232 dissert.
1507 4182 1585 4230 18.

484 4256 562 4318 (3)
634 4252 879 4318 Appenni.
919 4250 992 4304 ad
1017 4252 1139 4304 tom.
1167 4250 1287 4318 HJ,
1321 4250 1419 4318 Op.
1457 4254 1517 4304 ὅ.
1551 4250 1744 4358 Leonis
1768 4248 1982 4320 Magni.
2334 4326 2396 4374 16
