3332 5100
1648 316 1966 376 -60...

684 461 1022 527 hortante
1054 460 1386 526 Ecclesia
1427 460 1545 525 vel
1578 460 1940 541 PatribuS,
1979 463 2051 525 et
2076 460 2181 525 ita
2208 460 2376 543 piae
2407 457 2661 525 Matris
2696 461 2928 542 preci-

684 572 816 635 bus
851 567 1324 649 indulgebant
1359 570 1433 631 et
1463 568 1950 633 Romanorum
1997 567 2424 632 Pontificum
2475 572 2652 633 vota
2704 569 2929 634 adim-

684 677 1008 760 plebant,
1048 676 1151 739 uti
1198 675 1431 741 Divus
1479 675 1964 756 Hieronymus
2026 679 2360 738 testatur:
2419 676 2932 759 Imperatorum

686 804 943 867 quoque
976 783 1259 865 scripta,
1298 802 1468 865 quae
1504 782 1585 845 de
1609 778 2049 845 Alexandria
2075 788 2138 845 et
2172 778 2475 866 Aeqypto
2519 783 2931 867 oriqenistas

674 890 852 973 pelli
859 889 1126 974 jubent,
1152 909 1255 952 me
1291 894 1709 972 saqyerente,
1742 888 2004 951 dictata
2029 894 2189 951 sunt
2213 887 2333 970 (1);
2364 886 2646 969 ipsique
2676 887 2931 951 Patres

686 996 1031 1077 Ephesini
1066 995 1160 1059 ad
1191 995 1683 1076 Imperatores
1717 994 2196 1058 Theodosium
2235 1001 2306 1057 et
2339 994 2933 1059 Valentinianum

687 1102 1160 1183 scripserunt:
1213 1102 1524 1166 Vestram
1558 1102 1991 1187 Majestatem
2021 1101 2272 1165 iterum
2305 1108 2507 1185 atque
2541 1103 2790 1166 iterum
2820 1123 2931 1167 ro-

686 1215 919 1295 yatam
966 1209 1299 1291 cammite,
1355 1215 1429 1272 ut
1483 1209 1884 1273 universam
1938 1208 2137 1272 illam
2186 1209 2572 1273 doctrinam
2607 1230 2640 1273 e
2673 1209 2936 1273 sanctis

686 1314 1021 1379 Ecclesiis
1052 1315 1463 1395 submovere,
1501 1314 1932 1399 ejusdemque
1969 1315 2182 1380 libros
2216 1316 2458 1397 ubique
2491 1314 2796 1379 locorum
2828 1336 2933 1379 re-

675 1428 917 1505 perio-3
926 1421 1178 1506 jubeas
1198 1420 1498 1505 flammis
1534 1420 1803 1483 absumi
1839 1418 1959 1502 (2).
1998 1421 2382 1503 Puniendo,
2423 1421 2708 1484 demum
2756 1420 2934 1501 adji-

691 1528 917 1590 cimus
926 1527 1124 1608 ‚quia
1137 1525 2000 1607 saepenumeroEcclesia
2015 1526 2355 1590 etPatres
2375 1526 2468 1590 ad
2486 1527 2937 1591 damnandos

689 1632 1098 1696 haereticos
1132 1650 1523 1713 eorumque
1558 1650 1796 1714 prava
1830 1633 2105 1714 scripta
2141 1634 2632 1698 comburenda
2667 1633 2937 1698 Princi-

690 1759 860 1823 pum
879 1759 1089 1825 opem
1109 1750 1181 1805 et
1195 1742 1724 1825 protectionem
1742 1742 2270 1824 efflagitabant,
2289 1749 2365 1806 ut
2387 1743 2939 1807 ecclesiasticae

690 1850 892 1930 leges
929 1849 1282 1929 majorem
1317 1848 1465 1914 vim
1501 1848 1913 1912 obtinerent
1949 1855 2021 1911 et
2056 1848 2591 1914 haereticorum
2617 1849 2824 1913 dolus
2863 1852 2938 1912 et

694 1956 1139 2019 contumatia
1193 1956 1447 2037 poenis
1506 1956 2026 2037 temporalibus
2087 1956 2304 2019 tutiuS
2367 1960 2588 2039 atque
2649 1956 2940 2020 facilius

693 2064 1233 2144 frangerentur3
1296 2062 1672 2126 audiamus
1730 2080 2015 2126 rursum
2072 2061 2212 2126 hac
2267 2080 2486 2145 super
2541 2080 2621 2126 re
2679 2062 2939 2127 Patres

695 2170 1097 2252 Ephesinos
1132 2170 1234 2233 ita
1292 2170 1383 2233 ad
1439 2170 1923 2233 Theodosium
1980 2173 2053 2232 et
2110 2170 2702 2234 Valentinianum
2762 2170 2937 2234 allo-

697 2284 1023 2359 quentes:
1068 2275 1260 2353 Quod
1277 2280 1338 2342 si
1367 2279 1518 2361 quis
1543 2284 1810 2342 vestras
1834 2276 2239 2341 Sanctiones
2263 2279 2621 2361 spreverit,
2643 2278 2807 2342 illae
2833 2298 2938 2341 ve-

694 2397 880 2451 strae
906 2385 1393 2450 dominationis
1421 2386 1971 2471 indiq‘nationem
1999 2385 2350 2469 formidet.
2384 2384 2500 2449 Sic
2533 2388 2712 2450 enim
2758 2382 2939 2470 Apo·

695 2493 940 2558 stolica
964 2493 1137 2580 fides
1156 2514 1293 2578 per
1341 2502 1641 2561 vestram
1676 2496 2010 2578 pietatem
2056 2494 2325 2559 munita
2358 2496 2691 2580 persistet
2747 2495 2939 2559 illae-

695 2622 776 2665 sa
812 2601 935 2682 (3).

874 2707 1080 2789 Quod
1113 2710 1206 2774 ad
1238 2710 1766 2774 immunitatem
1793 2709 2370 2775 ecclesiasticam
2398 2710 2682 2792 attinet,
2730 2727 2939 2793 prae-

697 2819 1033 2881 termissa
1072 2818 1577 2883 controversia
1626 2835 1815 2899 quae
1864 2818 2058 2900 apud
2107 2807 2524 2883 canonistas
2574 2820 2801 2902 viget,
2853 2818 2943 2882 de

698 2926 975 3007 origine
1003 2926 1319 3007 juridica
1350 2925 1758 3006 hujusmodi
1783 2943 2041 2989 sacrae
2071 2928 2667 3009 praerogativae,
2700 2935 2942 2990 utrum

696 3051 957 3116 nempe
983 3034 1164 3114 juris
1230 3033 1457 3096 divini
1499 3033 1617 3096 vel
1644 3033 1830 3114 juris
1888 3034 2372 3098 ecclesiastici
2440 3035 2555 3117 sit,
2602 3034 2811 3098 nobis
2865 3033 2944 3098 in

697 3157 1047 3223 praesens
1075 3140 1341 3204 sufficit
1366 3157 1696 3203 asserere
1725 3144 1795 3203 et
1823 3158 1984 3204 cum
2012 3141 2439 3209 Tridentina
2464 3141 2752 3223 Synodo
2783 3158 2944 3223 pro-

698 3248 889 3310 fiteri
941 3248 1466 3310 immunitatem
1536 3248 2116 3312 ecclesiasticam
2178 3250 2315 3313 Dei
2377 3251 2816 3315 ordinatione
2882 3256 2947 3314 et

700 3355 1049 3419 canonicis
1074 3355 1663 3440 sanctionibus'(4)
1695 3372 1856 3419 esse
1877 3356 2279 3439 inductam,
2312 3357 2623 3440 ideoque
2652 3358 2946 3422 mediate

699 3462 775 3525 in
799 3462 965 3543 jure
999 3461 1244 3526 divino
1272 3467 1491 3545 atque
1524 3463 1923 3529 immediate
1964 3464 2221 3545 injure
2273 3465 2775 3530 ecclesiastico
2810 3464 2945 3528 ful-

702 3572 857 3655 ciri,
889 3576 961 3636 et
986 3577 1216 3637 status
1251 3573 1614 3637 clericalis
1672 3573 1918 3638 decori
1953 3592 2040 3638 ac
2071 3575 2265 3639 sacri
2298 3574 2681 3639 ministerii
2718 3571 2942 3656 digni-

699 3682 836 3745 tati
866 3682 968 3745 ita
997 3682 1490 3745 necessariam
1551 3683 1862 3766 censeri,
1931 3686 2008 3746 ut
2059 3683 2393 3747 Ecclesia
2446 3701 2578 3747 sua
2599 3684 2797 3764 jura,
2872 3684 2945 3744 et

702 3793 1197 3874 exemptiones
1224 3799 1576 3877 perpetuo
1611 3794 2043 3878 vindicavit,
2075 3800 2148 3859 et
2179 3795 2320 3878 ipsi
2354 3793 2659 3858 Romani
2706 3790 2945 3856 Ponti·

844 4043 922 4106 (1)
996 4038 1117 4094 Ia’b.
1142 4041 1185 4093 Ι.
1214 4043 1381 4094 contr.
1404 4038 1627 4110 Ruffin.

840 4116 913 4178 (2)
991 4110 1137 4164 Tom.
1165 4113 1191 4164 Ι
1222 4113 1373 4166 Cone.
1400 4111 1580 4165 Hard.
1603 4113 1699 4168 col.
1729 4113 1894 4166 1443.

844 4185 919 4247 (3)
993 4180 1118 4237 Loc.
1146 4182 1236 4236 cit.

843 4257 919 4324 (4)
994 4253 1136 4309 Sese.
1162 4255 1358 4323 XXV,
1379 4271 1480 4324 cap
1525 4257 1603 4310 20
1628 4255 1691 4310 de
1714 4254 1843 4326 Res.
