<?xml version="1.0" encoding="UTF-8"?>
<!DOCTYPE html PUBLIC "-//W3C//DTD XHTML 1.0 Transitional//EN"
    "http://www.w3.org/TR/xhtml1/DTD/xhtml1-transitional.dtd">
<html xmlns="http://www.w3.org/1999/xhtml" xml:lang="en" lang="en">
 <head>
  <title>
</title>
<meta http-equiv="Content-Type" content="text/html;charset=utf-8" />
  <meta name='ocr-system' content='tesseract 3.04.00' />
  <meta name='ocr-capabilities' content='ocr_page ocr_carea ocr_par ocr_line ocrx_word'/>
</head>
<body>
  <div class='ocr_page' id='page_1' title='image "./introductioinju00ferngoog_0229.png"; bbox 0 0 3332 5100; ppageno 0'>
   <div class='ocr_carea' id='block_1_1' title="bbox 1173 361 1586 422">
    <p class='ocr_par' dir='ltr' id='par_1_1' title="bbox 1173 361 1586 422">
     <span class='ocr_line' id='line_1_1' title="bbox 1173 361 1586 422; baseline 0 0"><span class='ocrx_word' id='word_1_1' title='bbox 1173 361 1586 422; x_wconf 83' lang='lat'>·-209--</span> 
     </span>
    </p>
   </div>
   <div class='ocr_carea' id='block_1_2' title="bbox 290 504 2540 4239">
    <p class='ocr_par' dir='ltr' id='par_1_2' title="bbox 302 504 2540 1127">
     <span class='ocr_line' id='line_1_2' title="bbox 468 504 2536 572; baseline 0 -2"><span class='ocrx_word' id='word_1_2' title='bbox 468 508 566 572; x_wconf 73' lang='grc' dir='ltr'>2.ιι</span> <span class='ocrx_word' id='word_1_3' title='bbox 657 506 939 572; x_wconf 89' lang='lat' dir='ltr'>Mortuo</span> <span class='ocrx_word' id='word_1_4' title='bbox 977 506 1344 572; x_wconf 79' lang='lat' dir='ltr'>Clemente</span> <span class='ocrx_word' id='word_1_5' title='bbox 1403 506 1547 572; x_wconf 87' lang='lat' dir='ltr'>XII</span> <span class='ocrx_word' id='word_1_6' title='bbox 1599 506 1692 570; x_wconf 89' lang='lat' dir='ltr'>ad</span> <span class='ocrx_word' id='word_1_7' title='bbox 1745 504 2017 571; x_wconf 88' lang='lat' dir='ltr'>Solium</span> <span class='ocrx_word' id='word_1_8' title='bbox 2081 506 2536 572; x_wconf 88' lang='lat' dir='ltr'>Pontificium</span> 
     </span>
     <span class='ocr_line' id='line_1_3' title="bbox 308 614 2538 697; baseline 0 -19"><span class='ocrx_word' id='word_1_9' title='bbox 308 616 727 680; x_wconf 80' lang='lat' dir='ltr'>Benedictus</span> <span class='ocrx_word' id='word_1_10' title='bbox 761 616 931 680; x_wconf 86' lang='lat' dir='ltr'>XIV</span> <span class='ocrx_word' id='word_1_11' title='bbox 961 620 1259 679; x_wconf 84' lang='lat' dir='ltr'>evectus</span> <span class='ocrx_word' id='word_1_12' title='bbox 1295 619 1428 696; x_wconf 84' lang='lat' dir='ltr'>est,</span> <span class='ocrx_word' id='word_1_13' title='bbox 1470 614 1592 697; x_wconf 91' lang='lat' dir='ltr'>qui</span> <span class='ocrx_word' id='word_1_14' title='bbox 1629 615 1880 678; x_wconf 87' lang='lat' dir='ltr'>statim</span> <span class='ocrx_word' id='word_1_15' title='bbox 1913 614 2004 678; x_wconf 88' lang='lat' dir='ltr'>ad</span> <span class='ocrx_word' id='word_1_16' title='bbox 2070 631 2318 696; x_wconf 89' lang='lat' dir='ltr'>regem</span> <span class='ocrx_word' id='word_1_17' title='bbox 2378 614 2538 680; x_wconf 91' lang='lat' dir='ltr'>His-</span> 
     </span>
     <span class='ocr_line' id='line_1_4' title="bbox 304 720 2540 806; baseline 0 -20"><span class='ocrx_word' id='word_1_18' title='bbox 304 724 673 804; x_wconf 77' lang='lat' dir='ltr'><strong>paniarum</strong></span> <span class='ocrx_word' id='word_1_19' title='bbox 711 722 1095 804; x_wconf 86' lang='lat' dir='ltr'>epistolam</span> <span class='ocrx_word' id='word_1_20' title='bbox 1133 720 1349 803; x_wconf 83' lang='lat' dir='ltr'><strong>misit,</strong></span> <span class='ocrx_word' id='word_1_21' title='bbox 1391 738 1554 786; x_wconf 87' lang='lat' dir='ltr'>eum</span> <span class='ocrx_word' id='word_1_22' title='bbox 1597 721 1987 786; x_wconf 83' lang='lat' dir='ltr'>certiorem</span> <span class='ocrx_word' id='word_1_23' title='bbox 2014 722 2316 802; x_wconf 86' lang='lat' dir='ltr'>faciens,</span> <span class='ocrx_word' id='word_1_24' title='bbox 2350 722 2540 806; x_wconf 89' lang='lat' dir='ltr'>quod</span> 
     </span>
     <span class='ocr_line' id='line_1_5' title="bbox 304 829 2530 912; baseline 0 -18"><span class='ocrx_word' id='word_1_25' title='bbox 304 832 606 894; x_wconf 82' lang='lat' dir='ltr'>maxime</span> <span class='ocrx_word' id='word_1_26' title='bbox 645 832 1045 912; x_wconf 82' lang='lat' dir='ltr'>exoptabat</span> <span class='ocrx_word' id='word_1_27' title='bbox 1079 830 1526 912; x_wconf 85' lang='lat' dir='ltr'>interruptas</span> <span class='ocrx_word' id='word_1_28' title='bbox 1581 829 2115 911; x_wconf 78' lang='lat' dir='ltr'>negotiationes</span> <span class='ocrx_word' id='word_1_29' title='bbox 2162 832 2530 912; x_wconf 75' lang='lat' dir='ltr'>prosequi,</span> 
     </span>
     <span class='ocr_line' id='line_1_6' title="bbox 302 934 2536 1019; baseline -0.001 -17"><span class='ocrx_word' id='word_1_30' title='bbox 302 938 675 1002; x_wconf 88' lang='lat' dir='ltr'>dummodo</span> <span class='ocrx_word' id='word_1_31' title='bbox 707 934 1212 1002; x_wconf 84' lang='lat' dir='ltr'>Cardinalibus</span> <span class='ocrx_word' id='word_1_32' title='bbox 1245 937 1638 1019; x_wconf 85' lang='lat' dir='ltr'>Aquaviva</span> <span class='ocrx_word' id='word_1_33' title='bbox 1676 942 1749 1001; x_wconf 88' lang='lat' dir='ltr'>et</span> <span class='ocrx_word' id='word_1_34' title='bbox 1810 936 2116 1018; x_wconf 86' lang='lat' dir='ltr'>Belluga</span> <span class='ocrx_word' id='word_1_35' title='bbox 2146 938 2536 1000; x_wconf 79' lang='lat' dir='ltr'>facultates</span> 
     </span>
     <span class='ocr_line' id='line_1_7' title="bbox 304 1044 1924 1127; baseline 0 -21"><span class='ocrx_word' id='word_1_36' title='bbox 304 1044 388 1108; x_wconf 89' lang='lat' dir='ltr'>ad</span> <span class='ocrx_word' id='word_1_37' title='bbox 420 1064 568 1108; x_wconf 88' lang='lat' dir='ltr'>rem</span> <span class='ocrx_word' id='word_1_38' title='bbox 610 1048 1107 1126; x_wconf 87' lang='lat' dir='ltr'>competentes</span> <span class='ocrx_word' id='word_1_39' title='bbox 1135 1044 1508 1109; x_wconf 82' lang='lat' dir='ltr'>tribueret.</span> <span class='ocrx_word' id='word_1_40' title='bbox 1912 1115 1924 1127; x_wconf 51' lang='lat'>‚</span> 
     </span>
    </p>

    <p class='ocr_par' dir='ltr' id='par_1_3' title="bbox 290 1149 2540 3061">
     <span class='ocr_line' id='line_1_8' title="bbox 466 1149 2536 1230; baseline 0 -15"><span class='ocrx_word' id='word_1_41' title='bbox 466 1152 622 1216; x_wconf 84' lang='lat' dir='ltr'>Rex</span> <span class='ocrx_word' id='word_1_42' title='bbox 655 1152 925 1216; x_wconf 84' lang='lat' dir='ltr'>Fiscali</span> <span class='ocrx_word' id='word_1_43' title='bbox 959 1152 1228 1230; x_wconf 84' lang='lat' dir='ltr'>Regiae</span> <span class='ocrx_word' id='word_1_44' title='bbox 1265 1149 1617 1216; x_wconf 80' lang='lat' dir='ltr'>Gamerae</span> <span class='ocrx_word' id='word_1_45' title='bbox 1678 1150 1985 1216; x_wconf 90' lang='lat' dir='ltr'>Domino</span> <span class='ocrx_word' id='word_1_46' title='bbox 2026 1149 2352 1216; x_wconf 82' lang='lat' dir='ltr'>Gabrieli</span> <span class='ocrx_word' id='word_1_47' title='bbox 2420 1150 2536 1218; x_wconf 93' lang='lat' dir='ltr'>Ol-</span> 
     </span>
     <span class='ocr_line' id='line_1_9' title="bbox 300 1258 2540 1343; baseline 0 -21"><span class='ocrx_word' id='word_1_48' title='bbox 300 1262 504 1324; x_wconf 90' lang='lat' dir='ltr'>meda</span> <span class='ocrx_word' id='word_1_49' title='bbox 532 1260 937 1326; x_wconf 86' lang='lat' dir='ltr'>Marchioni</span> <span class='ocrx_word' id='word_1_50' title='bbox 973 1262 1059 1324; x_wconf 91' lang='lat' dir='ltr'>de</span> <span class='ocrx_word' id='word_1_51' title='bbox 1096 1262 1204 1324; x_wconf 89' lang='lat' dir='ltr'>los</span> <span class='ocrx_word' id='word_1_52' title='bbox 1252 1259 1522 1324; x_wconf 86' lang='lat' dir='ltr'>Llanos</span> <span class='ocrx_word' id='word_1_53' title='bbox 1555 1260 1959 1343; x_wconf 87' lang='lat' dir='ltr'>praecepit,</span> <span class='ocrx_word' id='word_1_54' title='bbox 2016 1265 2096 1323; x_wconf 89' lang='lat' dir='ltr'>ut</span> <span class='ocrx_word' id='word_1_55' title='bbox 2152 1258 2540 1342; x_wconf 87' lang='lat' dir='ltr'>quamdam</span> 
     </span>
     <span class='ocr_line' id='line_1_10' title="bbox 302 1366 2540 1450; baseline 0.001 -22"><span class='ocrx_word' id='word_1_56' title='bbox 302 1366 847 1432; x_wconf 87' lang='lat' dir='ltr'>instructionem</span> <span class='ocrx_word' id='word_1_57' title='bbox 885 1374 1009 1432; x_wconf 89' lang='lat' dir='ltr'>aut</span> <span class='ocrx_word' id='word_1_58' title='bbox 1043 1368 1413 1450; x_wconf 81' lang='lat' dir='ltr'>synopsim</span> <span class='ocrx_word' id='word_1_59' title='bbox 1448 1367 1839 1449; x_wconf 85' lang='lat' dir='ltr'>redigeret,</span> <span class='ocrx_word' id='word_1_60' title='bbox 1902 1385 2089 1450; x_wconf 88' lang='lat' dir='ltr'>quae</span> <span class='ocrx_word' id='word_1_61' title='bbox 2140 1366 2540 1432; x_wconf 87' lang='lat' dir='ltr'>Cardinali-</span> 
     </span>
     <span class='ocr_line' id='line_1_11' title="bbox 300 1472 2536 1538; baseline 0.001 -2"><span class='ocrx_word' id='word_1_62' title='bbox 300 1472 422 1536; x_wconf 86' lang='lat' dir='ltr'>bus</span> <span class='ocrx_word' id='word_1_63' title='bbox 452 1476 685 1538; x_wconf 73' lang='lat' dir='ltr'>veluti</span> <span class='ocrx_word' id='word_1_64' title='bbox 711 1494 967 1538; x_wconf 89' lang='lat' dir='ltr'>norma</span> <span class='ocrx_word' id='word_1_65' title='bbox 1003 1480 1073 1538; x_wconf 91' lang='lat' dir='ltr'>et</span> <span class='ocrx_word' id='word_1_66' title='bbox 1109 1476 1252 1538; x_wconf 87' lang='lat' dir='ltr'>dux</span> <span class='ocrx_word' id='word_1_67' title='bbox 1289 1478 1482 1538; x_wconf 85' lang='lat' dir='ltr'>esset</span> <span class='ocrx_word' id='word_1_68' title='bbox 1514 1475 1587 1538; x_wconf 92' lang='lat' dir='ltr'>in</span> <span class='ocrx_word' id='word_1_69' title='bbox 1615 1474 1763 1537; x_wconf 88' lang='lat' dir='ltr'>suis</span> <span class='ocrx_word' id='word_1_70' title='bbox 1792 1491 1952 1538; x_wconf 90' lang='lat' dir='ltr'>cum</span> <span class='ocrx_word' id='word_1_71' title='bbox 1992 1473 2316 1537; x_wconf 87' lang='lat' dir='ltr'>Romano</span> <span class='ocrx_word' id='word_1_72' title='bbox 2356 1474 2536 1538; x_wconf 89' lang='lat' dir='ltr'>Pon-</span> 
     </span>
     <span class='ocr_line' id='line_1_12' title="bbox 308 1578 2540 1662; baseline 0.001 -20"><span class='ocrx_word' id='word_1_73' title='bbox 308 1580 496 1644; x_wconf 91' lang='lat' dir='ltr'>tifice</span> <span class='ocrx_word' id='word_1_74' title='bbox 526 1582 1063 1646; x_wconf 84' lang='lat' dir='ltr'>collationibus.</span> <span class='ocrx_word' id='word_1_75' title='bbox 1103 1580 1473 1662; x_wconf 88' lang='lat' dir='ltr'>Ejusmodi</span> <span class='ocrx_word' id='word_1_76' title='bbox 1507 1580 1887 1644; x_wconf 87' lang='lat' dir='ltr'>instructio</span> <span class='ocrx_word' id='word_1_77' title='bbox 1921 1598 2053 1662; x_wconf 87' lang='lat' dir='ltr'>per</span> <span class='ocrx_word' id='word_1_78' title='bbox 2079 1578 2540 1645; x_wconf 87' lang='lat' dir='ltr'>Cardinalem</span> 
     </span>
     <span class='ocr_line' id='line_1_13' title="bbox 298 1686 2536 1770; baseline -0.001 -20"><span class='ocrx_word' id='word_1_79' title='bbox 298 1686 687 1768; x_wconf 77' lang='lat' dir='ltr'>Aquaviva</span> <span class='ocrx_word' id='word_1_80' title='bbox 719 1688 1051 1752; x_wconf 86' lang='lat' dir='ltr'>Pontifici</span> <span class='ocrx_word' id='word_1_81' title='bbox 1077 1687 1345 1752; x_wconf 86' lang='lat' dir='ltr'>tradita</span> <span class='ocrx_word' id='word_1_82' title='bbox 1377 1687 1535 1766; x_wconf 88' lang='lat' dir='ltr'>fuit,</span> <span class='ocrx_word' id='word_1_83' title='bbox 1578 1687 1699 1770; x_wconf 88' lang='lat' dir='ltr'>qui</span> <span class='ocrx_word' id='word_1_84' title='bbox 1733 1686 2080 1770; x_wconf 86' lang='lat' dir='ltr'>opusculo</span> <span class='ocrx_word' id='word_1_85' title='bbox 2138 1704 2182 1748; x_wconf 86' lang='lat' dir='ltr'>a</span> <span class='ocrx_word' id='word_1_86' title='bbox 2246 1704 2324 1750; x_wconf 90' lang='lat' dir='ltr'>se</span> <span class='ocrx_word' id='word_1_87' title='bbox 2380 1686 2536 1768; x_wconf 90' lang='lat' dir='ltr'>ipso</span> 
     </span>
     <span class='ocr_line' id='line_1_14' title="bbox 300 1791 2538 1877; baseline 0 -21"><span class='ocrx_word' id='word_1_88' title='bbox 300 1794 709 1876; x_wconf 87' lang='lat' dir='ltr'>conscripto</span> <span class='ocrx_word' id='word_1_89' title='bbox 745 1794 839 1858; x_wconf 88' lang='lat' dir='ltr'>ad</span> <span class='ocrx_word' id='word_1_90' title='bbox 875 1796 1115 1858; x_wconf 89' lang='lat' dir='ltr'>omnia</span> <span class='ocrx_word' id='word_1_91' title='bbox 1153 1799 1581 1877; x_wconf 88' lang='lat' dir='ltr'>argumenta</span> <span class='ocrx_word' id='word_1_92' title='bbox 1635 1795 1711 1858; x_wconf 92' lang='lat' dir='ltr'>in</span> <span class='ocrx_word' id='word_1_93' title='bbox 1765 1791 2244 1876; x_wconf 89' lang='lat' dir='ltr'>praelaudato</span> <span class='ocrx_word' id='word_1_94' title='bbox 2290 1792 2538 1856; x_wconf 89' lang='lat' dir='ltr'>libello</span> 
     </span>
     <span class='ocr_line' id='line_1_15' title="bbox 306 1899 2538 1984; baseline 0 -22"><span class='ocrx_word' id='word_1_95' title='bbox 306 1900 532 1962; x_wconf 89' lang='lat' dir='ltr'>allata</span> <span class='ocrx_word' id='word_1_96' title='bbox 560 1900 775 1982; x_wconf 83' lang='lat' dir='ltr'>plene</span> <span class='ocrx_word' id='word_1_97' title='bbox 803 1902 1201 1984; x_wconf 86' lang='lat' dir='ltr'>respondit:</span> <span class='ocrx_word' id='word_1_98' title='bbox 1236 1901 1560 1966; x_wconf 88' lang='lat' dir='ltr'>Marchio</span> <span class='ocrx_word' id='word_1_99' title='bbox 1597 1900 1690 1965; x_wconf 88' lang='lat' dir='ltr'>de</span> <span class='ocrx_word' id='word_1_100' title='bbox 1722 1900 1830 1964; x_wconf 89' lang='lat' dir='ltr'>los</span> <span class='ocrx_word' id='word_1_101' title='bbox 1862 1899 2129 1964; x_wconf 88' lang='lat' dir='ltr'>Llanos</span> <span class='ocrx_word' id='word_1_102' title='bbox 2168 1900 2309 1962; x_wconf 90' lang='lat' dir='ltr'>alio</span> <span class='ocrx_word' id='word_1_103' title='bbox 2346 1918 2538 1964; x_wconf 81' lang='lat' dir='ltr'>novo</span> 
     </span>
     <span class='ocr_line' id='line_1_16' title="bbox 294 2005 2538 2091; baseline 0 -21"><span class='ocrx_word' id='word_1_104' title='bbox 294 2008 568 2090; x_wconf 87' lang='lat' dir='ltr'>scripto</span> <span class='ocrx_word' id='word_1_105' title='bbox 604 2010 927 2073; x_wconf 77' lang='lat' dir='ltr'>vicissim</span> <span class='ocrx_word' id='word_1_106' title='bbox 963 2009 1376 2091; x_wconf 88' lang='lat' dir='ltr'>replicavit,</span> <span class='ocrx_word' id='word_1_107' title='bbox 1414 2009 1526 2072; x_wconf 89' lang='lat' dir='ltr'>cui</span> <span class='ocrx_word' id='word_1_108' title='bbox 1556 2008 1806 2073; x_wconf 86' lang='lat' dir='ltr'>titulus</span> <span class='ocrx_word' id='word_1_109' title='bbox 1845 2005 2364 2072; x_wconf 78' lang='lat' dir='ltr'>“Satisfaccion</span> <span class='ocrx_word' id='word_1_110' title='bbox 2396 2007 2538 2070; x_wconf 86' lang='lat' dir='ltr'>his-</span> 
     </span>
     <span class='ocr_line' id='line_1_17' title="bbox 298 2114 2538 2205; baseline -0.001 -27"><span class='ocrx_word' id='word_1_111' title='bbox 298 2116 1151 2198; x_wconf 77' lang='lat' dir='ltr'>torico-canonico-legal</span> <span class='ocrx_word' id='word_1_112' title='bbox 1187 2117 1256 2180; x_wconf 87' lang='lat' dir='ltr'>al</span> <span class='ocrx_word' id='word_1_113' title='bbox 1281 2117 1684 2180; x_wconf 88' lang='lat' dir='ltr'>manifiesto</span> <span class='ocrx_word' id='word_1_114' title='bbox 1720 2116 1761 2180; x_wconf 88' lang='grc' dir='ltr'><strong>ό</strong></span> <span class='ocrx_word' id='word_1_115' title='bbox 1818 2114 2352 2205; x_wconf 79' lang='lat' dir='ltr'>demostracion</span> <span class='ocrx_word' id='word_1_116' title='bbox 2400 2132 2538 2196; x_wconf 88' lang='lat' dir='ltr'>que</span> 
     </span>
     <span class='ocr_line' id='line_1_18' title="bbox 292 2221 2538 2288; baseline 0 -3"><span class='ocrx_word' id='word_1_117' title='bbox 292 2222 362 2284; x_wconf 90' lang='lat' dir='ltr'>la</span> <span class='ocrx_word' id='word_1_118' title='bbox 396 2222 755 2286; x_wconf 84' lang='lat' dir='ltr'>Santidad</span> <span class='ocrx_word' id='word_1_119' title='bbox 793 2224 909 2286; x_wconf 91' lang='lat' dir='ltr'>del</span> <span class='ocrx_word' id='word_1_120' title='bbox 945 2224 1133 2288; x_wconf 89' lang='lat' dir='ltr'>Smo.</span> <span class='ocrx_word' id='word_1_121' title='bbox 1177 2223 1407 2287; x_wconf 89' lang='lat' dir='ltr'>Padre</span> <span class='ocrx_word' id='word_1_122' title='bbox 1441 2223 1837 2287; x_wconf 88' lang='lat' dir='ltr'>Benedicto</span> <span class='ocrx_word' id='word_1_123' title='bbox 1864 2221 2036 2286; x_wconf 89' lang='lat' dir='ltr'>XIV</span> <span class='ocrx_word' id='word_1_124' title='bbox 2095 2222 2208 2286; x_wconf 75' lang='lat' dir='ltr'>dio</span> <span class='ocrx_word' id='word_1_125' title='bbox 2246 2240 2336 2286; x_wconf 89' lang='lat' dir='ltr'>en</span> <span class='ocrx_word' id='word_1_126' title='bbox 2392 2240 2538 2284; x_wconf 87' lang='lat' dir='ltr'>res-</span> 
     </span>
     <span class='ocr_line' id='line_1_19' title="bbox 294 2330 2532 2416; baseline 0 -23"><span class='ocrx_word' id='word_1_127' title='bbox 294 2334 578 2412; x_wconf 83' lang='lat' dir='ltr'>puesta,</span> <span class='ocrx_word' id='word_1_128' title='bbox 618 2337 833 2416; x_wconf 79' lang='lat' dir='ltr'>etc.,„</span> <span class='ocrx_word' id='word_1_129' title='bbox 873 2332 947 2394; x_wconf 89' lang='lat' dir='ltr'>in</span> <span class='ocrx_word' id='word_1_130' title='bbox 981 2352 1119 2414; x_wconf 89' lang='lat' dir='ltr'>quo</span> <span class='ocrx_word' id='word_1_131' title='bbox 1165 2334 1281 2414; x_wconf 88' lang='lat' dir='ltr'>jus</span> <span class='ocrx_word' id='word_1_132' title='bbox 1345 2331 1439 2395; x_wconf 89' lang='lat' dir='ltr'>ad</span> <span class='ocrx_word' id='word_1_133' title='bbox 1491 2331 1793 2413; x_wconf 90' lang='lat' dir='ltr'>Regium</span> <span class='ocrx_word' id='word_1_134' title='bbox 1854 2330 2328 2395; x_wconf 86' lang='lat' dir='ltr'>Patronatum</span> <span class='ocrx_word' id='word_1_135' title='bbox 2382 2332 2532 2394; x_wconf 75' lang='lat' dir='ltr'>vin-</span> 
     </span>
     <span class='ocr_line' id='line_1_20' title="bbox 296 2436 2534 2520; baseline 0.001 -22"><span class='ocrx_word' id='word_1_136' title='bbox 296 2436 538 2504; x_wconf 86' lang='lat' dir='ltr'>dicare</span> <span class='ocrx_word' id='word_1_137' title='bbox 592 2442 859 2520; x_wconf 80' lang='lat' dir='ltr'>sategit</span> <span class='ocrx_word' id='word_1_138' title='bbox 921 2440 1149 2504; x_wconf 89' lang='lat' dir='ltr'>Bullis</span> <span class='ocrx_word' id='word_1_139' title='bbox 1203 2439 1598 2504; x_wconf 87' lang='lat' dir='ltr'>Pontificiis</span> <span class='ocrx_word' id='word_1_140' title='bbox 1662 2439 1739 2502; x_wconf 89' lang='lat' dir='ltr'>in</span> <span class='ocrx_word' id='word_1_141' title='bbox 1801 2436 2115 2502; x_wconf 89' lang='lat' dir='ltr'>medium</span> <span class='ocrx_word' id='word_1_142' title='bbox 2180 2438 2534 2500; x_wconf 81' lang='lat' dir='ltr'>adductis,</span> 
     </span>
     <span class='ocr_line' id='line_1_21' title="bbox 292 2545 2538 2631; baseline -0.002 -21"><span class='ocrx_word' id='word_1_143' title='bbox 292 2545 384 2609; x_wconf 86' lang='lat' dir='ltr'>At</span> <span class='ocrx_word' id='word_1_144' title='bbox 430 2565 596 2611; x_wconf 84' lang='lat' dir='ltr'>cum</span> <span class='ocrx_word' id='word_1_145' title='bbox 653 2549 1087 2611; x_wconf 86' lang='lat' dir='ltr'>Benedictus</span> <span class='ocrx_word' id='word_1_146' title='bbox 1145 2546 1316 2613; x_wconf 82' lang='lat' dir='ltr'>XIV</span> <span class='ocrx_word' id='word_1_147' title='bbox 1372 2547 1767 2631; x_wconf 88' lang='lat' dir='ltr'>nequidem</span> <span class='ocrx_word' id='word_1_148' title='bbox 1821 2545 2216 2628; x_wconf 85' lang='lat' dir='ltr'>vestigium</span> <span class='ocrx_word' id='word_1_149' title='bbox 2282 2545 2538 2607; x_wconf 89' lang='lat' dir='ltr'>horum</span> 
     </span>
     <span class='ocr_line' id='line_1_22' title="bbox 292 2651 2534 2737; baseline -0 -21"><span class='ocrx_word' id='word_1_150' title='bbox 292 2653 915 2737; x_wconf 85' lang='lat' dir='ltr'>documentorum,</span> <span class='ocrx_word' id='word_1_151' title='bbox 959 2674 1145 2737; x_wconf 89' lang='lat' dir='ltr'>quae</span> <span class='ocrx_word' id='word_1_152' title='bbox 1199 2656 1431 2720; x_wconf 88' lang='lat' dir='ltr'>basim</span> <span class='ocrx_word' id='word_1_153' title='bbox 1489 2661 1561 2719; x_wconf 91' lang='lat' dir='ltr'>et</span> <span class='ocrx_word' id='word_1_154' title='bbox 1618 2656 1955 2736; x_wconf 88' lang='lat' dir='ltr'>fulcrum,</span> <span class='ocrx_word' id='word_1_155' title='bbox 1997 2657 2075 2717; x_wconf 90' lang='lat' dir='ltr'>ut</span> <span class='ocrx_word' id='word_1_156' title='bbox 2132 2655 2234 2715; x_wconf 91' lang='lat' dir='ltr'>ita</span> <span class='ocrx_word' id='word_1_157' title='bbox 2272 2651 2534 2733; x_wconf 82' lang='lat' dir='ltr'>dicam,</span> 
     </span>
     <span class='ocr_line' id='line_1_23' title="bbox 292 2759 2538 2845; baseline -0.001 -21"><span class='ocrx_word' id='word_1_158' title='bbox 292 2763 510 2827; x_wconf 88' lang='lat' dir='ltr'>totius</span> <span class='ocrx_word' id='word_1_159' title='bbox 548 2765 1199 2845; x_wconf 84' lang='lat' dir='ltr'>argumentationis</span> <span class='ocrx_word' id='word_1_160' title='bbox 1235 2763 1796 2845; x_wconf 86' lang='lat' dir='ltr'>constituebant,</span> <span class='ocrx_word' id='word_1_161' title='bbox 1853 2762 1928 2826; x_wconf 90' lang='lat' dir='ltr'>in</span> <span class='ocrx_word' id='word_1_162' title='bbox 1996 2759 2363 2825; x_wconf 89' lang='lat' dir='ltr'>codicibus</span> <span class='ocrx_word' id='word_1_163' title='bbox 2416 2779 2538 2825; x_wconf 85' lang='lat' dir='ltr'>va-</span> 
     </span>
     <span class='ocr_line' id='line_1_24' title="bbox 290 2869 2538 2955; baseline -0.001 -22"><span class='ocrx_word' id='word_1_164' title='bbox 290 2871 554 2935; x_wconf 90' lang='lat' dir='ltr'>ticanis</span> <span class='ocrx_word' id='word_1_165' title='bbox 590 2873 1015 2955; x_wconf 79' lang='lat' dir='ltr'>invenisset,</span> <span class='ocrx_word' id='word_1_166' title='bbox 1055 2872 1602 2937; x_wconf 86' lang='lat' dir='ltr'>fundamentum</span> <span class='ocrx_word' id='word_1_167' title='bbox 1635 2870 1993 2955; x_wconf 88' lang='lat' dir='ltr'>praedicti</span> <span class='ocrx_word' id='word_1_168' title='bbox 2021 2869 2204 2951; x_wconf 88' lang='lat' dir='ltr'>juris</span> <span class='ocrx_word' id='word_1_169' title='bbox 2240 2869 2538 2950; x_wconf 75' lang='lat' dir='ltr'>prorsus</span> 
     </span>
     <span class='ocr_line' id='line_1_25' title="bbox 290 2981 614 3061; baseline 0.012 -20"><span class='ocrx_word' id='word_1_170' title='bbox 290 2981 614 3061; x_wconf 77' lang='lat' dir='ltr'>negavit.</span> 
     </span>
    </p>

    <p class='ocr_par' dir='ltr' id='par_1_4' title="bbox 290 3084 2540 4027">
     <span class='ocr_line' id='line_1_26' title="bbox 466 3084 2536 3169; baseline -0.003 -18"><span class='ocrx_word' id='word_1_171' title='bbox 466 3085 576 3151; x_wconf 72' lang='lat'>3.²</span> <span class='ocrx_word' id='word_1_172' title='bbox 666 3087 1023 3169; x_wconf 83' lang='lat' dir='ltr'>Denique,</span> <span class='ocrx_word' id='word_1_173' title='bbox 1063 3087 1389 3169; x_wconf 88' lang='lat' dir='ltr'>pluribus</span> <span class='ocrx_word' id='word_1_174' title='bbox 1425 3086 1634 3150; x_wconf 88' lang='lat' dir='ltr'>annis</span> <span class='ocrx_word' id='word_1_175' title='bbox 1698 3084 2090 3149; x_wconf 88' lang='lat' dir='ltr'>transactis</span> <span class='ocrx_word' id='word_1_176' title='bbox 2158 3087 2230 3147; x_wconf 89' lang='lat' dir='ltr'>et</span> <span class='ocrx_word' id='word_1_177' title='bbox 2294 3101 2536 3165; x_wconf 85' lang='lat' dir='ltr'>quam-</span> 
     </span>
     <span class='ocr_line' id='line_1_27' title="bbox 290 3191 2536 3275; baseline -0.002 -20"><span class='ocrx_word' id='word_1_178' title='bbox 290 3193 625 3273; x_wconf 89' lang='lat' dir='ltr'>plurimis</span> <span class='ocrx_word' id='word_1_179' title='bbox 663 3195 1147 3275; x_wconf 89' lang='lat' dir='ltr'>diplomaticis</span> <span class='ocrx_word' id='word_1_180' title='bbox 1187 3193 1634 3257; x_wconf 89' lang='lat' dir='ltr'>documentis</span> <span class='ocrx_word' id='word_1_181' title='bbox 1683 3191 1853 3256; x_wconf 89' lang='lat' dir='ltr'>hinc</span> <span class='ocrx_word' id='word_1_182' title='bbox 1918 3193 1990 3255; x_wconf 91' lang='lat' dir='ltr'>et</span> <span class='ocrx_word' id='word_1_183' title='bbox 2046 3191 2196 3255; x_wconf 91' lang='lat' dir='ltr'>illic</span> <span class='ocrx_word' id='word_1_184' title='bbox 2246 3209 2536 3253; x_wconf 91' lang='lat' dir='ltr'>cursan-</span> 
     </span>
     <span class='ocr_line' id='line_1_28' title="bbox 292 3297 2538 3381; baseline 0.001 -22"><span class='ocrx_word' id='word_1_185' title='bbox 292 3299 510 3379; x_wconf 85' lang='lat' dir='ltr'>tibus,</span> <span class='ocrx_word' id='word_1_186' title='bbox 550 3299 807 3363; x_wconf 83' lang='lat' dir='ltr'>videns</span> <span class='ocrx_word' id='word_1_187' title='bbox 843 3299 1171 3363; x_wconf 86' lang='lat' dir='ltr'>Summus</span> <span class='ocrx_word' id='word_1_188' title='bbox 1204 3299 1544 3364; x_wconf 85' lang='lat' dir='ltr'>Pontifex</span> <span class='ocrx_word' id='word_1_189' title='bbox 1581 3297 1773 3381; x_wconf 92' lang='lat' dir='ltr'>quod</span> <span class='ocrx_word' id='word_1_190' title='bbox 1802 3297 2150 3362; x_wconf 84' lang='lat' dir='ltr'>discussio</span> <span class='ocrx_word' id='word_1_191' title='bbox 2198 3297 2538 3377; x_wconf 88' lang='lat' dir='ltr'>juridico-</span> 
     </span>
     <span class='ocr_line' id='line_1_29' title="bbox 290 3405 2537 3489; baseline -0.001 -20"><span class='ocrx_word' id='word_1_192' title='bbox 290 3407 699 3471; x_wconf 87' lang='lat' dir='ltr'>scientifica</span> <span class='ocrx_word' id='word_1_193' title='bbox 733 3409 913 3471; x_wconf 88' lang='lat' dir='ltr'>nihil</span> <span class='ocrx_word' id='word_1_194' title='bbox 971 3409 1381 3489; x_wconf 89' lang='lat' dir='ltr'>proficeret,</span> <span class='ocrx_word' id='word_1_195' title='bbox 1441 3410 1660 3489; x_wconf 90' lang='lat' dir='ltr'>atque</span> <span class='ocrx_word' id='word_1_196' title='bbox 1717 3406 1987 3470; x_wconf 87' lang='lat' dir='ltr'>idcirco</span> <span class='ocrx_word' id='word_1_197' title='bbox 2048 3407 2178 3469; x_wconf 88' lang='lat' dir='ltr'>sub</span> <span class='ocrx_word' id='word_1_198' title='bbox 2234 3405 2372 3467; x_wconf 90' lang='lat' dir='ltr'>hoc</span> <span class='ocrx_word' id='word_1_199' title='bbox 2430 3423 2537 3467; x_wconf 86' lang='lat' dir='ltr'>as-</span> 
     </span>
     <span class='ocr_line' id='line_1_30' title="bbox 293 3513 2530 3596; baseline -0.002 -19"><span class='ocrx_word' id='word_1_200' title='bbox 293 3519 510 3595; x_wconf 89' lang='lat' dir='ltr'>pectu</span> <span class='ocrx_word' id='word_1_201' title='bbox 546 3515 1051 3579; x_wconf 80' lang='lat' dir='ltr'>controversia</span> <span class='ocrx_word' id='word_1_202' title='bbox 1107 3532 1474 3596; x_wconf 89' lang='lat' dir='ltr'>nunquam</span> <span class='ocrx_word' id='word_1_203' title='bbox 1529 3513 2015 3596; x_wconf 87' lang='lat' dir='ltr'>dirimeretur,</span> <span class='ocrx_word' id='word_1_204' title='bbox 2057 3513 2530 3593; x_wconf 80' lang='lat' dir='ltr'>magnanimi-</span> 
     </span>
     <span class='ocr_line' id='line_1_31' title="bbox 292 3619 2536 3705; baseline -0.001 -22"><span class='ocrx_word' id='word_1_205' title='bbox 292 3625 444 3685; x_wconf 91' lang='lat' dir='ltr'>tate</span> <span class='ocrx_word' id='word_1_206' title='bbox 480 3627 554 3685; x_wconf 93' lang='lat' dir='ltr'>et</span> <span class='ocrx_word' id='word_1_207' title='bbox 588 3623 975 3705; x_wconf 87' lang='lat' dir='ltr'>prudentia</span> <span class='ocrx_word' id='word_1_208' title='bbox 1013 3623 1291 3704; x_wconf 77' lang='lat' dir='ltr'>ductuS,</span> <span class='ocrx_word' id='word_1_209' title='bbox 1327 3640 1458 3704; x_wconf 88' lang='lat' dir='ltr'>pro</span> <span class='ocrx_word' id='word_1_210' title='bbox 1514 3622 1703 3685; x_wconf 88' lang='lat' dir='ltr'>bono</span> <span class='ocrx_word' id='word_1_211' title='bbox 1770 3621 1973 3704; x_wconf 86' lang='lat' dir='ltr'>pacis</span> <span class='ocrx_word' id='word_1_212' title='bbox 2038 3625 2110 3685; x_wconf 88' lang='lat' dir='ltr'>et</span> <span class='ocrx_word' id='word_1_213' title='bbox 2170 3619 2536 3683; x_wconf 88' lang='lat' dir='ltr'>amicitiae</span> 
     </span>
     <span class='ocr_line' id='line_1_32' title="bbox 298 3727 2540 3811; baseline -0.002 -19"><span class='ocrx_word' id='word_1_214' title='bbox 298 3731 887 3811; x_wconf 82' lang='lat' dir='ltr'>conservatione,</span> <span class='ocrx_word' id='word_1_215' title='bbox 927 3729 1240 3811; x_wconf 87' lang='lat' dir='ltr'>Regibus</span> <span class='ocrx_word' id='word_1_216' title='bbox 1280 3729 1681 3811; x_wconf 84' lang='lat' dir='ltr'>Hispaniae</span> <span class='ocrx_word' id='word_1_217' title='bbox 1715 3729 2004 3792; x_wconf 90' lang='lat' dir='ltr'>titulum</span> <span class='ocrx_word' id='word_1_218' title='bbox 2059 3727 2540 3791; x_wconf 87' lang='lat' dir='ltr'>Patronorum</span> 
     </span>
     <span class='ocr_line' id='line_1_33' title="bbox 292 3833 2538 3919; baseline -0.001 -21"><span class='ocrx_word' id='word_1_219' title='bbox 292 3837 396 3899; x_wconf 90' lang='lat' dir='ltr'>uti</span> <span class='ocrx_word' id='word_1_220' title='bbox 456 3837 923 3919; x_wconf 78' lang='lat' dir='ltr'>privilegium</span> <span class='ocrx_word' id='word_1_221' title='bbox 979 3836 1290 3917; x_wconf 80' lang='lat' dir='ltr'>benigne</span> <span class='ocrx_word' id='word_1_222' title='bbox 1349 3835 1734 3918; x_wconf 88' lang='lat' dir='ltr'>concessit,</span> <span class='ocrx_word' id='word_1_223' title='bbox 1786 3834 2051 3898; x_wconf 88' lang='lat' dir='ltr'>additis</span> <span class='ocrx_word' id='word_1_224' title='bbox 2100 3833 2538 3915; x_wconf 86' lang='lat' dir='ltr'>specialibus</span> 
     </span>
     <span class='ocr_line' id='line_1_34' title="bbox 296 3943 1313 4027; baseline 0.002 -22"><span class='ocrx_word' id='word_1_225' title='bbox 296 3945 368 4005; x_wconf 91' lang='lat' dir='ltr'>et</span> <span class='ocrx_word' id='word_1_226' title='bbox 400 3943 717 4025; x_wconf 87' lang='lat' dir='ltr'>egregiis</span> <span class='ocrx_word' id='word_1_227' title='bbox 753 3944 1313 4027; x_wconf 86' lang='lat' dir='ltr'>praerogativis.</span> 
     </span>
    </p>

    <p class='ocr_par' dir='ltr' id='par_1_5' title="bbox 296 4049 2540 4239">
     <span class='ocr_line' id='line_1_35' title="bbox 474 4049 2538 4132; baseline -0.001 -19"><span class='ocrx_word' id='word_1_228' title='bbox 474 4051 801 4115; x_wconf 74' lang='lat' dir='ltr'>Materia.</span> <span class='ocrx_word' id='word_1_229' title='bbox 901 4051 985 4115; x_wconf 84' lang='lat' dir='ltr'>ln</span> <span class='ocrx_word' id='word_1_230' title='bbox 1017 4053 1155 4115; x_wconf 89' lang='lat' dir='ltr'>hoc</span> <span class='ocrx_word' id='word_1_231' title='bbox 1193 4049 1648 4117; x_wconf 85' lang='lat' dir='ltr'>Concordato</span> <span class='ocrx_word' id='word_1_232' title='bbox 1687 4049 2011 4132; x_wconf 88' lang='lat' dir='ltr'>agnitum</span> <span class='ocrx_word' id='word_1_233' title='bbox 2072 4052 2144 4112; x_wconf 89' lang='lat' dir='ltr'>et</span> <span class='ocrx_word' id='word_1_234' title='bbox 2204 4049 2538 4129; x_wconf 89' lang='lat' dir='ltr'>Hispani-</span> 
     </span>
     <span class='ocr_line' id='line_1_36' title="bbox 296 4155 2540 4239; baseline -0.001 -20"><span class='ocrx_word' id='word_1_235' title='bbox 296 4156 400 4219; x_wconf 89' lang='lat' dir='ltr'>cis</span> <span class='ocrx_word' id='word_1_236' title='bbox 436 4157 753 4239; x_wconf 84' lang='lat' dir='ltr'>Regibus</span> <span class='ocrx_word' id='word_1_237' title='bbox 791 4159 1135 4223; x_wconf 84' lang='lat' dir='ltr'>collatum</span> <span class='ocrx_word' id='word_1_238' title='bbox 1173 4161 1280 4222; x_wconf 85' lang='lat' dir='ltr'>est</span> <span class='ocrx_word' id='word_1_239' title='bbox 1308 4158 1426 4239; x_wconf 88' lang='lat' dir='ltr'>jus</span> <span class='ocrx_word' id='word_1_240' title='bbox 1460 4156 1881 4221; x_wconf 90' lang='lat' dir='ltr'>nominandi</span> <span class='ocrx_word' id='word_1_241' title='bbox 1915 4160 1987 4220; x_wconf 91' lang='lat' dir='ltr'>et</span> <span class='ocrx_word' id='word_1_242' title='bbox 2021 4155 2540 4238; x_wconf 87' lang='lat' dir='ltr'>praesentandi</span> 
     </span>
    </p>
   </div>
   <div class='ocr_carea' id='block_1_3' title="bbox 304 4264 2536 4421">
    <p class='ocr_par' dir='ltr' id='par_1_6' title="bbox 304 4264 2536 4421">
     <span class='ocr_line' id='line_1_37' title="bbox 304 4264 2536 4349; baseline -0.002 -20"><span class='ocrx_word' id='word_1_243' title='bbox 304 4265 400 4329; x_wconf 90' lang='lat' dir='ltr'>ad</span> <span class='ocrx_word' id='word_1_244' title='bbox 434 4283 683 4331; x_wconf 85' lang='lat' dir='ltr'>omnes</span> <span class='ocrx_word' id='word_1_245' title='bbox 743 4267 1461 4349; x_wconf 73' lang='lat' dir='ltr'>ArchiepiscopatUS,</span> <span class='ocrx_word' id='word_1_246' title='bbox 1528 4266 2037 4349; x_wconf 78' lang='lat' dir='ltr'>EpiscopatuS,</span> <span class='ocrx_word' id='word_1_247' title='bbox 2100 4264 2536 4347; x_wconf 77' lang='lat' dir='ltr'>DignitateS,</span> 
     </span>
     <span class='ocr_line' id='line_1_38' title="bbox 2300 4369 2364 4421; baseline 0 0"><span class='ocrx_word' id='word_1_248' title='bbox 2300 4369 2364 4421; x_wconf 87' lang='lat'>15</span> 
     </span>
    </p>
   </div>
  </div>
 </body>
</html>
