3332 5100
1242 387 1598 445 -321—

298 547 446 603 nes,
482 529 760 605 populos
790 545 1214 603 summosque
1268 545 1494 589 eorum
1534 529 1903 603 Principes,
1941 535 2145 603 utque
2199 531 2281 589 de
2321 531 2539 589 medio

298 611 582 669 tollatur
614 617 842 667 mutua
878 611 994 669 illa
1026 611 1200 669 inter
1232 609 1699 669 Sacerdotium
1731 617 1797 667 et
1825 609 2189 683 Imperium
2241 611 2545 669 consilio-

296 709 452 749 rum
488 692 776 749 societas
810 699 874 749 et
910 693 1294 759 concordia,
1346 709 1518 763 quae
1563 693 1662 747 rei
1695 707 1847 749 cum
1899 707 2135 747 sacrae
2189 703 2327 749 tum
2357 691 2545 749 civili

298 773 528 831 fausta
556 789 818 845 semper
850 771 1076 829 extitit
1114 789 1194 829 ac
1226 771 1544 831 salutaris
1572 771 1685 849 (1).
1713 771 1977 829 Etenim
2009 771 2215 845 probe
2242 773 2541 843 noscitis,

296 853 745 913 venerabiles
772 851 1068 925 FratreS,
1104 853 1231 909 hoc
1274 859 1572 925 tempore
1618 867 1751 909 non
1791 867 2041 925 paucos
2087 851 2394 925 reperiri,
2429 853 2545 925 qui

298 933 492 991 civili
548 933 882 991 consortio
930 933 1206 1005 impium
1248 933 1749 1005 absurdumque
1795 933 2241 1005 naturalismi,
2289 931 2387 989 uti
2433 945 2543 989 vo·-

298 1021 484 1085 cant,
514 1013 920 1085 principium
948 1013 1388 1087 applicanteS‚
1444 1014 1695 1071 audent
1737 1013 2003 1085 docere,
2065 1013 2419 1085 “optimam
2449 1029 2547 1069 so-

296 1093 572 1153 cietatis
606 1093 918 1167 publicae
950 1094 1302 1165 rationem,
1338 1093 1743 1167 civilemque
1795 1109 2227 1167 progressum
2277 1093 2543 1151 omnino

298 1175 680 1247 requirere,
718 1181 790 1231 ut
822 1175 1114 1231 humana
1170 1175 1458 1231 societ-as
1502 1175 1951 1231 constituatur
1983 1179 2049 1231 et
2103 1175 2541 1247 gubernetur,

296 1255 486 1313 nullo
512 1255 742 1311 habito
774 1255 860 1311 ad
908 1255 1304 1327 religionem
1336 1261 1671 1327 respectu,
1703 1271 1783 1311 ac
1821 1255 1876 1311 si
1905 1269 1985 1311 ea
2031 1269 2167 1311 11011
2195 1253 2543 1325 existeret,

298 1337 414 1393 vel
450 1335 690 1392 saltem
722 1335 902 1391 nullo
928 1335 1112 1391 facto
1154 1351 1386 1393 veram
1432 1335 1606 1391 inter
1636 1335 1980 1407 falsasque
2011 1335 2375 1407 religiones
2421 1333 2549 1391 dis-

298 1415 652 1487 crimine„
708 1415 928 1487 Atque
976 1421 1208 1471 contra
1278 1431 1624 1473 sacrarum
1681 1415 2111 1487 Litterarum,
2177 1415 2545 1485 Ecclesiae,

302 1503 836 1567 sanctorumque
892 1495 1166 1553 Patrum
1230 1497 1626 1567 doctrinam,
1685 1511 1987 1553 asserere
2033 1511 2165 1553 non
2213 1495 2547 1567 dubitant,

300 1577 666 1651 “optimam
696 1591 842 1633 esse
888 1577 1340 1633 conditionem
1374 1577 1739 1647 societatis,
1781 1577 1851 1633 in
1905 1593 2035 1647 qua
2085 1575 2373 1647 Imperio
2419 1591 2551 1631 non

298 1657 700 1731 agnoscitur
728 1657 1022 1713 officium
1054 1657 1414 1713 coercendi
1444 1657 1721 1715 sancitis
1769 1657 1999 1729 poenis
2047 1657 2411 1713 violatores
2445 1671 2549 1711 ca-

296 1737 596 1795 tholicae
620 1737 990 1809 religionis,
1026 1737 1154 1793 nisi
1188 1743 1518 1809 quatenus
1550 1753 1687 1809 pax
1733 1737 2005 1809 publica
2057 1737 2409 1809 postulet.„
2449 1735 2553 1791 Ex

298 1835 440 1891 qua
468 1817 732 1875 omnino
756 1817 930 1873 falsa
964 1817 1232 1873 socialis
1282 1817 1630 1889 regiminis
1660 1817 1837 1889 idea,
1871 1817 2051 1873 haud
2101 1817 2341 1873 timent
2371 1831 2549 1873 erro-

294 1915 502 1957 neam
534 1899 718 1953 illam
748 1897 980 1955 fovere
1034 1897 1412 1971 opinionem
1464 1897 1841 1954 catholicae
1895 1897 2263 1969 Ecclesiae,
2301 1897 2547 1953 anima·

296 1994 590 2049 rumque
626 1977 824 2035 saluti
858 1979 1150 2035 maxime
1184 1979 1550 2049 exitialem,
1582 1983 1620 2035 a
1642 1995 1779 2035 rec.
1809 1993 2003 2035 mem.
2036 1975 2361 2051 Gregorio
2395 1975 2557 2035 XVI

296 2059 804 2117 Praedecesore
830 2057 1068 2115 Nostro
1100 2059 1604 2115 dcliv-amentum
1640 2059 2049 2131 appellatam
2085 2057 2201 2135 (2),
2239 2057 2555 2115 nimirum

302 2141 734 2197 “libertatem
766 2139 1222 2195 conscientiae
1282 2147 1348 2195 et
1380 2139 1701 2211 cultuum,
1759 2153 1905 2197 esse
1955 2139 2299 2213 proprium
2333 2139 2553 2211 cujus-

298 2235 596 2291 cumque
626 2219 910 2275 hominis
934 2221 1066 2291 jus,
1106 2219 1282 2291 quod
1312 2219 1464 2293 lege
1510 2219 1937 2293 proclamari,
1979 2225 2045 2275 et
2097 2219 2307 2275 asseri
2353 2217 2555 2275 debet

298 2303 372 2359 in
410 2299 588 2357 omni
618 2305 805 2357 recte
838 2299 1202 2357 constituta
1242 2301 1588 2371 societate,
1626 2305 1695 2357 et
1739 2301 1851 2371 jus
1883 2299 2149 2357 civibus
2197 2299 2417 2355 inesse
2459 2297 2547 2355 ad

298 2380 756 2441 omnimodam
806 2379 1212 2449 libertatem,
1248 2381 1454 2451 1111110,
1490 2381 1600 2437 vel
1656 2379 2123 2437 ecclesiastica
2177 2379 2289 2435 vel
2341 2377 2551 2449 civili,

300 2461 714 2519 auctoritate
750 2461 1252 2532 coarctandam,
1290 2477 1418 2532 quo
1452 2477 1604 2517 suos
1658 2465 2025 2533 conceptus
2067 2473 2547 2531 quoscumque,

298 2546 454 2604 sive
480 2558 668 2612 voce,
698 2542 840 2598 sive
872 2542 1074 2614 typis,
1103 2542 1244 2598 s1ve
1276 2542 1410 2598 alia
1440 2542 1703 2598 ratione
1735 2542 1957 2614 palam
1991 2540 2393 2614 publiceque
2423 2554 2557 2596 ma-

300 2624 658 2694 nifestare,
688 2638 768 2678 ac
796 2622 1148 2678 declarare
1182 2622 1518 2692 valeant„
1570 2622 1745 2686 Dum
1793 2622 2049 2678 veroid
2101 2628 2351 2678 temere
2377 2618 2557 2676 affir-

300 2710 516 2774 mant,
550 2704 730 2760 haud
790 2702 1094 2776 cogitant
1148 2710 1212 2760 et
1244 2702 1697 2772 considerant,
1737 2702 1913 2774 quod
1957 2702 2315 2760 libertatem
2335 2700 2555 2778 perdi-

302 2786 512 2844 tionis
550 2783 638 2860 (3)
676 2784 1096 2856 praedicant,
1140 2788 1204 2840 et
1256 2784 1432 2856 quod
1502 2782 1592 2838 “si
1640 2782 1949 2840 humanis
2001 2780 2547 2854 persuasionibus

302 2880 576 2936 semper
602 2864 982 2936 disceptare
1016 2864 1101 2920 sit
1124 2864 1432 2934 liberum,
1468 2880 1815 2934 nunquam
1839 2864 2037 2920 deese
2063 2868 2397 2936 poterunt,
2439 2860 2553 2932 qui

300 2944 586 3004 veritati
618 2944 912 3000 audeant
942 2944 1296 3016 resultare,
1326 2952 1392 2999 et
1424 2944 1506 3000 de
1536 2946 1869 3000 humanae
1919 2942 2295 3014 sapientiae
2327 2942 2555 3012 loqua-

304 3028 518 3084 citate
552 3024 912 3096 confidere,
942 3040 1094 3082 oum
1124 3026 1296 3082 110110
1336 3024 1883 3080 nocentissimam
1923 3024 2319 3092 vanitatem,
2349 3038 2561 3092 quan-

304 3116 452 3164 tum
476 3106 722 3162 debeat
744 3106 908 3160 fides
938 3110 1002 3160 et
1030 3104 1360 3176 sapientia
1388 3104 1759 3162 christiana
1781 3104 2021 3174 vitare,
2051 3120 2139 3160 ex
2169 3102 2315 3176 ipsa
2341 3100 2561 3158 Domi-

304 3188 380 3246 ni
410 3184 638 3244 Nostri
664 3184 830 3244 Jesu
864 3182 1110 3242 Christi
1140 3184 1560 3242 institutione
1590 3192 1977 3258 cognoscat.
2015 3182 2169 3262 (4).„

474 3266 556 3322 Et
588 3266 902 3336 quoniam
936 3266 1054 3322 ubi
1086 3270 1126 3320 0
1156 3266 1344 3322 civili
1396 3266 1721 3322 societate
1765 3266 1895 3322 fuit
1927 3274 2149 3322 amota
2179 3262 2445 3336 religiO,
2481 3276 2563 3318 ac

306 3346 670 3420 repudiata
722 3346 996 3402 divinae
1050 3346 1486 3404 revelationis
1534 3346 1843 3404 doctrina
1895 3352 1959 3402 et
2011 3344 2403 3414 auctoritas,
2451 3342 2565 3398 vel

308 3430 460 3502 ipsa
492 3442 820 3500 germana
874 3426 1180 3498 justitiae
1233 3428 1642 3500 humanique
1669 3428 1845 3498 ι1111·ῑο
1879 3428 2059 3484 notio
2085 3424 2383 3484 tenebris
2413 3424 2565 3480 obs·

312 3514 600 3566 curatur
650 3512 716 3564 et
746 3506 1098 3576 amittitur,
1134 3514 1338 3580 atque
1390 3508 1458 3564 in
1514 3524 1723 3564 verae
1770 3508 2081 3578 justitiae
2137 3504 2563 3578 legitimique

306 3588 482 3664 juris
548 3588 770 3644 locum
818 3586 1188 3644 materialis
1280 3588 1709 3644 substituitur
1759 3588 1883 3658 vis,
1965 3588 2121 3646 inde
2171 3586 2383 3658 liquet
2435 3598 2557 3640 cur

312 3668 650 3740 nonnulli,
696 3666 1090 3724 certissimis
1136 3684 1342 3724 sanae
1392 3668 1677 3726 rationis
1729 3668 2083 3740 principiis
2131 3664 2401 3738 penitus
2449 3678 2563 3718 ne-

314 3748 562 3824 glectis
618 3748 1182 3822 posthabitisque,
1244 3748 1540 3806 audeant
1598 3748 2049 3818 conclamare,
2111 3746 2565 3802 “voluntatem

312 3828 568 3904 populi,
602 3828 898 3900 publica,
936 3844 1136 3900 quam
1168 3828 1422 3900 dicunt,
1462 3828 1797 3902 opinione,
1827 3828 1937 3884 vel
1970 3828 2103 3884 0110
2135 3826 2397 3882 ratione
2427 3838 2563 3880 1110-

316 3910 736 3980 nifestatam,
792 3908 1202 3966 constituere
1252 3924 1632 3982 supremam
1689 3910 1911 3982 legem
1963 3908 2049 3966 ab
2101 3904 2281 3964 omni
2335 3904 2563 3962 divino

458 4098 536 4164 (1)
612 4094 848 4162 Gregor.
876 4096 1058 4162 XVI„
1086 4096 1268 4160 Epist.
1294 4096 1522 4162 Encycl.
1552 4094 1775 4160 Mirari,
1807 4094 1871 4146 15
1899 4110 2025 4160 aug.
2061 4096 2215 4146 1832.

458 4172 532 4234 (2)
604 4168 820 4218 Eadem
842 4168 1070 4232 Encycl.
1098 4166 1322 4218 Mirari.

460 4242 538 4306 (3)
612 4240 664 4290 S.
688 4238 834 4305 Aug.
862 4238 1040 4304 Epist.
1072 4240 1190 4290 105.
1216 4240 1270 4290 al
1324 4240 1434 4290 [66.

466 4310 544 4380 (4)
616 4310 670 4364 S.
696 4310 810 4362 Leo
835 4311 1016 4378 Epist.
1048 4314 1146 4363 164
1174 4312 1244 4364 al.
1272 4314 1372 4360 133
1398 4310 1448 4378 ἓ.
1476 4314 1506 4362 2
1528 4310 1660 4362 edit.
1687 4310 1823 4362 Ball.
