3332 5100
1695 360 2053 421 -354-

748 505 937 581 iuriS,
972 506 1031 567 si
1060 505 1222 581 quid
1253 504 1553 580 possidet
1581 504 1932 565 facultatis
1961 505 2051 563 ad
2080 503 2422 579 agendum
2449 502 2818 578 legitimae,
2850 515 3000 578 pos-

750 590 973 650 sidere
1003 587 1254 647 dicitur
1281 600 1615 645 concessu
1659 584 2130 659 beneficioque
2181 585 2563 659 principum
2592 584 3002 642 civitatis.—

750 668 823 729 si
871 684 1005 743 qua
1032 682 1195 727 vero
1226 666 1297 725 in
1344 666 1702 740 republica
1746 681 1940 725 suum
1969 665 2278 724 Ecclesia
2307 665 2436 738 ius,
2472 664 2637 739 ipsis
2681 664 3004 723 civilibus

747 749 1017 823 legibus
1045 746 1512 822 probantibus,
1548 754 1800 819 teneat,
1835 746 2243 819 publiceque
2273 745 2450 804 inter
2480 752 2836 819 utramque
2887 760 3004 818 po-

748 836 1063 889 testatem
1087 826 1312 902 pactio
1335 826 1569 900 aliqua
1593 826 1784 885 facta
1807 827 1916 898 sit,
1946 826 2277 901 principio
2301 826 2619 898 clamant,
2645 824 3005 883 dissociari

750 908 1099 969 Ecclesiae
1141 907 1441 966 rationes
1482 923 1523 965 a
1552 906 1974 981 reipublicae
2017 906 2398 965 rationibus
2428 915 2762 979 oportere3
2792 905 3006 978 idque

753 1005 832 1050 eo
864 988 1167 1061 consili0,
1200 993 1275 1047 ut
1316 987 1548 1047 facere
1600 995 1837 1046 contra
1865 987 2336 1060 interpositam
2375 986 2578 1043 fidem
2604 986 2880 1060 impune
2927 986 3005 1043 li-

752 1076 928 1143 ceat,
962 1068 1392 1141 omniumque
1414 1082 1642 1128 rerum
1672 1067 1948 1138 habere,
1973 1067 2248 1125 remotis
2277 1066 2796 1140 impedimentis,
2821 1066 3007 1123 arbi·

750 1148 1143 1209 trium—Id
1174 1163 1336 1207 vero
1364 1162 1519 1207 cum
1547 1147 1886 1222 patienter
1913 1149 2096 1207 ferre
2123 1146 2431 1205 Ecclesia
2460 1162 2596 1205 non
2624 1146 2854 1219 possit,
2887 1162 3005 1204 ne-

752 1245 884 1305 que
940 1229 1121 1289 enim
1170 1235 1392 1302 potest
1440 1227 1671 1288 officia
1721 1228 2036 1286 deserere
2087 1226 2515 1287 sanctissima
2559 1232 2629 1286 et
2673 1226 3000 1299 maxima,

751 1309 1157 1382 omninoque
1184 1308 1503 1382 postulet,
1536 1315 1611 1367 ut
1655 1308 1958 1382 obligata
1989 1306 2120 1365 sibi
2159 1308 2328 1365 fides
2356 1306 2622 1381 integre
2650 1306 3006 1379 religiose·

753 1406 885 1465 que
928 1390 1252 1460 solvatur,
1289 1403 1491 1462 saepe
1538 1403 1806 1447 sacram
1835 1388 2012 1446 inter
2037 1403 2120 1445 ac
2172 1386 2444 1445 civilem
2474 1392 2877 1462 potestatem
2904 1386 3006 1445 di-

752 1468 1151 1529 micationes
1178 1474 1570 1540 nascuntur,
1596 1482 1882 1541 quarum
1905 1467 2021 1525 ille
2042 1468 2256 1526 ferme
2287 1474 2391 1525 est
2413 1467 2658 1539 exitus,
2687 1468 3004 1539 alteram,

753 1557 828 1609 ut
874 1565 1047 1623 quae
1082 1548 1303 1607 minus
1330 1554 1434 1607 est
1460 1548 1702 1622 opibus
1730 1548 2041 1607 humanis
2069 1547 2323 1621 valida,
2356 1547 2558 1606 alteri
2582 1554 2662 1607 ut
2683 1546 3010 1606 validiori

754 1629 1218 1689 succumbere.
2377 1676 2382 1679 ,

916 1708 1021 1769 Ita
1045 1707 1445 1780 Ecclesiam,
1482 1708 1553 1767 in
1575 1708 1702 1766 hoc
1728 1722 1956 1767 rerum
1980 1707 2406 1781 publicarum
2437 1712 2638 1778 statu,
2676 1706 2792 1780 qui
2820 1723 3010 1766 nunc

756 1806 801 1851 a
828 1790 1173 1865 plerisque
1217 1789 1595 1860 adamatur,
1639 1804 1782 1846 mos
1831 1794 1900 1846 et
1928 1789 2242 1847 voluntas
2271 1796 2396 1859 est,
2449 1794 2569 1846 aut
2614 1803 2892 1861 prorsus
2919 1788 3010 1847 de

754 1870 999 1931 medio·
1023 1870 1300 1945 pellere,
1347 1875 1467 1927 aut
1505 1868 1808 1927 vinctam
1839 1868 2368 1941 adstrictamque
2401 1868 2683 1941 imperio
2740 1875 3005 1927 tenere.

760 1949 1245 2024 Quae-publice
1289 1955 1607 2023 aguntur,
1635 1964 1714 2007 eo
1739 1949 2018 2007 consilio
2044 1964 2362 2022 magnam
2387 1956 2650 2021 partem
2677 1956 3005 2022 aguntur.

757 2029 997 2104 Leges,
1024 2029 1520 2089 administratio
1550 2029 1928 2101 civitatum,
1958 2044 2203 2103 expers
2227 2028 2579 2102 religionis
2611 2028 3006 2087 adolescen-

754 2112 921 2170 tium
948 2110 1303 2181 institutiO,
1328 2110 1641 2183 spoliatio
1665 2110 2144 2183 excidiumque
2168 2109 2480 2167 ordinum
2503 2108 3004 2183 religiosorum,

754 2191 1019 2250 eversio
1076 2190 1499 2265 principatus
1574 2190 1799 2249 civilis
1865 2188 2264 2248 Pontificum
2330 2204 2784 2256 romanorum,
2865 2190 3009 2247 huc

756 2277 1068 2345 spectant
1091 2270 1335 2343 omnia,
1370 2270 1674 2328 incidere
1697 2285 1943 2328 nervos
1968 2270 2426 2328 institutorum
2451 2269 3005 2343 christianorum,

754 2351 1239 2424 Ecclesiaeque
1272 2350 1648 2409 catholicae
1681 2359 1747 2408 et
1774 2349 2161 2409 libertatem
2201 2350 2275 2408 in
2303 2356 2667 2424 angustum
2711 2350 3011 2408 deduce-

754 2448 851 2507 re,
893 2438 961 2490 et
981 2430 1131 2490 iura
1162 2438 1393 2489 cetera
1416 2431 1899 2489 comminuere.

915 2512 1259 2571 Eiusmodi
1282 2511 1367 2570 de
1407 2512 1710 2587 regenda
1750 2510 2031 2570 civitate
2058 2509 2429 2568 sententias
2473 2510 2623 2584 ipsa
2668 2510 3011 2568 naturalis

755 2593 929 2653 ratio
953 2593 1319 2664 convincit,
1374 2608 1414 2650 a
1459 2593 1752 2651 veritate
1801 2591 2135 2649 dissidere
2189 2591 2571 2665 plurimum.
2589 2589 3013 2664 —Quidquid

758 2673 939 2733 enim
970 2673 1324 2747 potestatis
1358 2688 1643 2745 usquam
1669 2679 1792 2744 est,
1827 2689 1868 2730 a
1898 2671 2038 2730 Deo
2061 2677 2405 2745 tamquam
2436 2671 2730 2730 maximo
2757 2685 3012 2742 augus-

758 2753 1152 2827 tissimoque
1178 2752 1366 2811 fonte
1398 2752 1758 2826 proficisci,
1803 2751 1953 2826 ipsa
1995 2759 2242 2810 natura
2275 2757 2583 2810 testatur.
2636 2750 3014 2825 Imperium

758 2841 985 2893 autem
1013 2833 1360 2908 populare,
1385 2833 1586 2906 quod,
1638 2833 1824 2891 nullo
1848 2832 1936 2890 ad
1964 2831 2180 2891 Deum
2209 2838 2552 2905 respectu,
2587 2831 2657 2889 in
2701 2832 3009 2891 multitu-

758 2915 915 2973 dine
947 2915 1169 2973 inesse
1192 2915 1438 2972 natura
1460 2912 1736 2985 dicitur,
1801 2913 1860 2970 si
1903 2913 2255 2987 praeclare
2298 2913 2387 2970 ad
2435 2911 3017 2986 suppeditandum

754 2996 944 3054 valet
972 2994 1438 3052 blandimenta
1469 3000 1536 3051 et
1564 2991 1866 3051 flammas
1897 2993 2259 3050 multarum
2289 2992 2759 3065 cupiditatum,
2811 2993 3014 3050 nulla

759 3074 1033 3149 quidem
1059 3073 1300 3132 nititur
1328 3074 1591 3131 ratione
1644 3072 2006 3146 probabili,
2035 3089 2255 3146 neque
2284 3073 2448 3130 satis
2473 3072 2725 3130 habere
2752 3072 3016 3132 virium

751 3162 981 3230 potest
1026 3155 1115 3212 ad
1145 3153 1582 3212 securitatem
1635 3153 1980 3226 publicam
2015 3153 2448 3226 quietamque
2499 3153 2756 3210 ordinis
2845 3168 3014 3211 con-

762 3235 1103 3294 stantiam.
1157 3233 1423 3293 Revera
1453 3233 1558 3292 his
1612 3233 1939 3291 doctrinis
1969 3249 2078 3292 res
2106 3232 2526 3291 inclinavere
2549 3248 2762 3306 usque
2792 3248 2898 3305 ec,
2931 3240 3016 3292 ut

754 3315 927 3374 haec
958 3331 995 3372 a
1018 3314 1325 3388 pluribus
1373 3320 1719 3387 tamquam
1749 3313 1867 3371 lex
1893 3313 1964 3371 in
2017 3313 2207 3371 civili
2235 3312 2596 3387 prudentia
2625 3312 3009 3386 sanciatur,

758 3394 1123 3454 seditiones
1176 3409 1372 3468 posse
1428 3394 1574 3452 iure
1629 3393 1932 3452 conflari.
1985 3391 2185 3452 Valet
2241 3393 2420 3452 enim
2481 3393 2728 3467 opinio,
2789 3393 3014 3452 nihilo

756 3474 1100 3549 principes
1141 3474 1353 3548 pluris
1376 3489 1545 3547 esse,
1582 3489 1785 3546 quam
1817 3473 2117 3532 delectos
2149 3474 2496 3546 quosdam,
2532 3473 2647 3546 qui
2697 3473 3016 3532 volunta·

758 3562 895 3614 tem
924 3554 1319 3629 popularem
1350 3561 1800 3628 exequantur:
1833 3570 1921 3612 ex
1953 3570 2084 3627 quo
2113 3554 2212 3624 fit,
2254 3554 2433 3627 quod
2465 3569 2745 3612 necesse
2767 3560 2896 3626 est,
2931 3561 3017 3613 ut

750 3634 983 3696 omnia
1012 3634 1147 3694 sint
1202 3635 1457 3709 pariter
1490 3650 1641 3693 cum
1685 3635 1913 3709 populi
1955 3634 2236 3693 arbitrio
2272 3633 2650 3708 mutabilia,
2684 3640 2754 3692 et
2802 3634 3017 3693 timor

750 3716 1007 3790 ‘aliquis
1038 3714 1391 3774 turbarum
1420 3730 1687 3788 semper
1708 3714 2116 3788 impendeat.
2595 3783 2600 3787 ,

919 3795 1017 3853 De
1046 3795 1375 3869 religione
1426 3801 1653 3853 autem
1682 3803 1944 3868 putare,
1991 3794 2159 3852 nihil
2190 3794 2367 3851 inter
2391 3793 2642 3855 formas
2695 3792 3018 3868 dispares

757 3881 829 3934 et
862 3875 1244 3934 contrarias
1309 3875 1659 3947 interesse,
1719 3875 1897 3933 hunc
1953 3875 2154 3947 plane
2211 3874 2417 3932 habet
2475 3873 2757 3946 exitum,
2821 3874 3014 3932 nolle

757 3955 967 4015 ullam
990 3956 1279 4030 probare
1310 3955 1583 4027 iudici0,
1615 3955 1796 4013 nolle
1825 3970 1970 4012 usu.
2005 3954 2212 4027 Atqui
2235 3954 2415 4012 istud
2437 3954 2532 4014 ab
2558 3953 2910 4026 atheismo,
2949 3956 3012 4013 si

755 4036 1026 4096 nomine
1061 4035 1319 4109 aliquid
1348 4035 1605 4108 differt,
1640 4051 1715 4093 re
1756 4035 1926 4092 nihil
1969 4035 2227 4093 differt.
2265 4033 2522 4106 Quibus
2575 4034 2758 4092 enim
2786 4033 3016 4092 Deum

759 4132 908 4175 esse
933 4129 1329 4190 persuasum
1362 4122 1485 4188 est,
1518 4116 1588 4187 ii,
1618 4115 1816 4174 modo
1857 4122 2173 4176 constare
2206 4115 2335 4173 sibi
2386 4129 2516 4173 nec
2565 4129 2712 4172 esse
2756 4115 3014 4188 perab-

756 4196 943 4255 surdi
985 4196 1221 4268 velint,
1272 4196 1623 4254 necesario
1653 4195 2067 4268 intelligunt,
2095 4195 2382 4254 usitatas
2421 4195 2492 4252 in
2535 4196 2722 4253 cultu
2767 4194 3007 4252 divino

746 4277 1073 4350 rationes,
1101 4291 1388 4349 quarum
1418 4283 1607 4335 tanta
1640 4284 1742 4334 est
1777 4275 2170 4335 differentia
2199 4275 2650 4348 maximisque
2675 4275 2882 4334 etiam
2909 4275 3007 4334 de
