3332 5100
1338 330 1692 388 —179—

574 472 829 552 Quoad
862 492 1237 536 numerum
1276 478 1349 536 et
1382 474 1644 537 seriem
1681 474 2271 557 chronologicam
2323 473 2633 539 Concor-

396 580 755 660 datorum,
817 596 1450 661 supervacaneum
1481 580 1690 644 nobis
1725 581 2016 645 videtur
2065 589 2307 645 terere
2353 587 2635 665 tempus

392 685 468 749 in
506 685 841 769 catalogo
881 686 1193 754 texendo
1221 686 1479 750 harum
1516 689 2103 753 conventionum.
2141 687 2329 753 Satis
2377 691 2469 753 sit
2531 691 2631 753 in-

392 811 618 857 nuere
648 813 689 855 a
725 791 1031 857 Saeculo
1061 792 1233 857 XVI
1269 793 1805 875 quamplurima
1871 792 2331 859 concordata
2383 795 2635 859 habita

394 917 554 963 esse
606 917 764 964 cum
831 900 1160 964 omnibus
1220 900 1375 964 fere
1435 900 1850 965 christianis
1913 903 2353 981 nationibus,
2417 903 2635 967 etiam

392 1007 848 1089 acatholicis»,
888 1008 993 1071 ita
1028 1012 1129 1090 ut,
1166 1007 1581 1090 incipiendo
1617 1028 1662 1072 a
1691 1008 2207 1075 Wormatiensi
2235 1029 2423 1073 anno
2463 1011 2633 1075 1122

392 1119 468 1179 et
504 1115 895 1179 desinendo
934 1114 1026 1179 ad
1053 1115 1503 1197 publicatum
1538 1134 1671 1199 pro
1742 1116 2141 1199 Republica
2199 1117 2633 1199 Aequatoris

390 1241 584 1285 anno
624 1222 819 1302 1882,
856 1221 945 1286 50
980 1225 1479 1304 recensentur,
1519 1228 1591 1287 et
1642 1224 1977 1306 quamvis
2012 1243 2103 1287 ex
2135 1227 2273 1289 hoc
2335 1243 2633 1289 numero

390 1334 987 1413 expungerentur
1047 1329 1583 1396 Wormatiense
1628 1336 1703 1396 et
1757 1333 2065 1416 primurn
2111 1335 2629 1415 Portugalliae,

390 1439 630 1502 adhuc
658 1442 1036 1502 remanent
1066 1437 1155 1501 48
1189 1437 1635 1503 concordata
1665 1439 1786 1523 (1).

572 1545 701 1609 519
795 1544 1136 1625 Quaestio
1167 1547 1413 1611 critica
1439 1546 1578 1610 duo
1607 1548 1852 1629 capita
1880 1549 2409 1629 complectitur,
2439 1565 2633 1611 nem-

388 1653 510 1737 pe:
552 1653 999 1734 investigare
1029 1670 1289 1717 causas
1326 1662 1646 1718 remotas
1678 1658 1752 1719 et
1785 1657 2169 1736 generales
2205 1655 2489 1737 quaein
2525 1673 2635 1719 or·-

390 1761 560 1825 dine
598 1761 939 1825 historico
971 1766 1206 1825 ortum
1236 1759 1502 1825 dedere
1535 1760 1946 1843 hujusmodi
2000 1763 2481 1844 pactionibUS,
2513 1781 2633 1825 no·
2710 1798 2712 1801 ·

386 1887 482 1933 vo
524 1866 853 1949 equidem
881 1868 1148 1932 factori
1179 1868 1256 1931 in
1291 1869 1817 1935 controversiis
1845 1868 2367 1933 ecclesiasticis
2431 1873 2501 1931 et
2527 1871 2635 1949 ju-

386 1975 618 2039 ridico
648 1977 829 2039 fonti
866 1975 1114 2057 magni
1148 1977 1492 2040 momenti
1532 1976 1622 2039 ab
1652 1977 1970 2059 antiquis
2006 1979 2305 2058 prorsus
2357 1979 2631 2059 ignot03

386 2085 747 2165 simulque
780 2083 1081 2147 definire
1109 2100 1369 2147 causas
1408 2083 1869 2150 immediatas
1900 2089 1972 2149 et
2001 2085 2385 2167 specialeS,
2449 2102 2635 2167 quae

386 2191 462 2255 in
502 2191 754 2255 ordine
780 2190 1110 2273 practico
1140 2191 1362 2254 hasce
1390 2192 1919 2256 conventiones
1952 2197 2419 2275 generarunt.

574 2295 789 2380 Origo
826 2315 914 2362 ac
950 2297 1348 2362 celebratio
1386 2297 1741 2379 ejusmodi
1796 2302 2199 2382 pactorum,
2265 2303 2633 2383 tamquam

386 2407 668 2469 efectus
712 2405 1193 2488 necessarius,
1249 2406 1507 2469 unicae
1564 2424 1833 2470 causae
1892 2408 2313 2489 universali,
2353 2407 2637 2471 efficaci

386 2517 460 2577 et
498 2513 940 2595 generatrici
974 2513 1192 2578 tribui
1227 2512 1465 2595 debet,
1505 2514 1811 2596 scilicet,
1871 2514 2351 2578 imminutioni
2419 2519 2636 2596 atque

386 2621 843 2703 depressioni
877 2621 1261 2704 potestatis
1310 2620 1734 2685 Pontificiae
1767 2621 1840 2684 in
1881 2621 2173 2702 Europa
2225 2620 2637 2686 Christiana

388 2729 807 2793 labentibus
844 2728 1156 2792 saeculis
1193 2728 1475 2791 mediae
1510 2728 1800 2809 aetatiS,
1848 2733 1922 2792 et
1975 2730 2291 2792 vicissim
2331 2748 2635 2810 praepo-

384 2837 664 2902 tentiae
700 2854 787 2900 ac
822 2836 1318 2921 superioritati
1352 2837 1810 2901 auctoritatis
1868 2837 2119 2919 regiae
2179 2838 2433 2901 eodem
2497 2838 2635 2900 fer-

386 2948 504 3010 me
540 2950 893 3026 tempore:
933 2943 1061 3008 sed
1115 2945 1363 3008 rursus
1421 2944 1930 3024 inquirendum
1987 2950 2343 3026 superest,
2411 2962 2635 3026 quare

388 3054 574 3116 adeo
612 3051 941 3115 decrevit
976 3052 1374 3115 auctoritas
1402 3069 1615 3116 sacra
1674 3051 2123 3116 Summorum
2181 3052 2631 3130 Pontificum,

388 3160 747 3242 simulque
781 3159 1061 3223 tantum
1117 3159 1431 3223 invaluit
1487 3163 1812 3241 potestas
1871 3160 2269 3223 saecularis
2327 3158 2635 3240 Regum?

568 3266 680 3330 Ad
713 3272 992 3330 rectam
1026 3266 1435 3357 hujusmodi
1472 3267 1840 3349 generalis
1903 3270 1977 3331 et
2039 3268 2635 3350 perniciossisimi

388 3376 703 3438 effectus
738 3374 1301 3456 explicationem
1337 3381 1646 3456 quatuor
1700 3376 1892 3438 facta
1956 3376 2329 3440 notissima
2387 3376 2461 3438 in
2495 3392 2635 3438 me-

388 3482 691 3546 moriam
720 3498 1075 3545 revocare
1107 3481 1284 3544 satis
1319 3488 1453 3545 est:
1489 3482 1548 3546 1.
1575 3491 1581 3506 '
1614 3500 1954 3565 magnum
1985 3484 2283 3548 schisma
2317 3484 2635 3548 Occiden-

390 3590 442 3654 εἰ
478 3590 670 3670 quod
704 3587 796 3651 ab
831 3606 1020 3651 anno
1058 3587 1231 3651 1378
1264 3588 1357 3650 ad
1391 3588 1560 3652 1417
1626 3589 2055 3672 perduravit
2119 3596 2191 3652 et
2245 3590 2633 3652 auctorita-

390 3702 534 3760 tem
564 3696 988 3760 Pontificum
1024 3696 1484 3778 summopere
1542 3697 2051 3778 labefactavit3
2127 3696 2229 3760 2.⁰
2285 3696 2634 3758 extinctio

384 3802 815 3886 feudalismi,
850 3801 1054 3883 cujus
1091 3800 1167 3866 vi
1209 3807 1429 3865 aucta
1478 3807 1551 3865 et
1584 3803 1934 3865 roborata
1990 3802 2125 3866 fuit
2185 3802 2637 3882 suprematia

538 4032 614 4100 (1)
686 4031 796 4095 Qui
821 4032 1080 4085 notitiam
1106 4031 1588 4084 concordatorum
1619 4035 1792 4099 atque
1841 4046 2033 4084 eorum
2081 4048 2315 4084 censum
2347 4034 2641 4098 perlegere

398 4106 610 4170 cupiat,
638 4105 803 4156 adeat
828 4102 1210 4157 Institutiones
1229 4101 1394 4156 Juris
1416 4102 1637 4156 Publici
1681 4120 1714 4154 a
1765 4103 2049 4168 cavagnis
2093 4106 2349 4170 traditas,
2387 4109 2445 4156 et
2495 4120 2637 4170 opus

398 4178 753 4244 praeclarum
780 4177 847 4230 D.
874 4175 1036 4242 Nuzi,
1064 4177 1120 4226 in
1152 4190 1263 4241 quo
1289 4175 1501 4241 duplici
1529 4176 1742 4240 ordine,
1784 4175 2181 4242 chronologico
2211 4192 2273 4228 ac
2323 4176 2637 4242 doctrinali,

402 4249 789 4302 controversia
812 4249 885 4301 de
910 4245 1284 4301 concordatis
1310 4246 1497 4299 lucide
1521 4248 1844 4314 exponitur.
