3332 5100
1681 337 1758 349 ...
1803 299 1999 364 50·-

719 450 1133 532 Eapropter
1198 450 1500 514 extunc
1559 447 1907 547 temporis
1945 465 2193 512 omnes
2247 446 2624 512 Ecclesiae
2691 446 2970 511 cuncti·

721 575 863 642 que
908 556 1161 622 fideles
1194 556 1549 637 ejusmodi
1582 555 1750 621 fidei
1785 555 2174 620 articulum
2229 554 2363 620 sub
2416 555 2707 620 nomine
2739 561 2969 620 trane-

722 665 1326 732 sabstantiationiae
1383 663 1474 727 ad
1531 664 2053 728 haereticalem
2101 663 2502 729 versutiam
2558 679 2974 746 vocumque

722 772 1273 855 ambiguitatem
1326 770 1726 846 tollendam
1761 769 2240 851 declaratum,
2300 774 2655 854 perpetuo
2685 773 2759 834 et
2816 769 2974 834 uni-

720 879 1057 946 formiter
1090 877 1650 960 profitebuntur.
1706 941 1712 948 .

898 985 1009 1050 45.
1106 983 1440 1067 Denique
1475 983 1909 1067 disciplinae
1933 984 2343 1049 invariabili
2372 982 2708 1048 addenda
2740 986 2854 1048 est
2884 1001 2979 1049 ea

725 1110 913 1176 quae
968 1091 1519 1179 fundamentalis
1578 1090 1867 1173 dicitur,
1911 1108 1996 1155 eo
2054 1089 2246 1173 quod
2302 1090 2502 1154 circa
2558 1090 2978 1156 firmissima

727 1204 949 1282 atque
980 1199 1569 1264 fundamentalia
1601 1197 1982 1263 Ecclesiae
2015 1198 2263 1281 capita
2331 1201 2699 1282 versatur,
2737 1199 2978 1281 cujus-

726 1305 923 1371 modi
955 1309 1123 1370 sunt
1159 1305 1413 1371 divina
1444 1305 1825 1388 ipsiusmet
1847 1305 2228 1388 instituti0,
2257 1307 2525 1370 natura
2549 1305 2868 1388 juridica
2901 1307 2978 1370 et

731 1411 1146 1476 essentialis
1175 1412 1622 1477 constitutio.

908 1518 1096 1584 Hinc
1132 1519 1613 1584 immutabilia
1648 1523 1721 1583 et
1753 1519 1828 1584 in
1852 1519 2108 1601 vigore
2136 1522 2488 1602 perpetuo
2515 1535 2805 1601 semper
2830 1537 2980 1584 ma-

728 1626 1030 1690 nebunt:
1072 1628 1175 1690 1.⁰
1210 1627 1453 1692 omnia
1489 1644 1678 1709 quae
1712 1627 1804 1691 ad
1839 1628 2330 1710 proprietates
2394 1632 2614 1710 atque
2681 1644 2981 1708 praero-

729 1735 1047 1818 gativas,
1088 1736 1345 1818 quibus
1375 1735 1699 1801 Christus
1726 1736 2078 1801 Dominus
2103 1736 2530 1800 societatem
2559 1753 2602 1798 a
2629 1752 2709 1799 se
2736 1735 2982 1799 condi-

730 1845 881 1906 tam
919 1842 1245 1925 donavit,
1284 1843 1645 1925 afficiunt,
1682 1859 1969 1926 nempe,
2009 1844 2360 1907 unitatem
2392 1843 2467 1906 in
2522 1844 2983 1928 oryanizatio-

731 1970 835 2031 ne,
867 1949 1371 2014 visibilitatem
1424 1952 1501 2014 in
1534 1952 1956 2035 operatione,
2023 1955 2094 2014 et
2142 1951 2706 2033 perpetuitatem
2753 1952 2828 2016 in
2861 1953 2986 2016 da-

732 2057 1023 2136 mtione,
1060 2056 1183 2122 vel
1218 2057 1731 2122 auctoritatem
1770 2059 1844 2122 in
1874 2059 2227 2143 reqimz'ne,
2263 2057 2868 2122 infallibilitatem
2910 2059 2988 2123 in

733 2162 1151 2246 mayisterio,
1220 2179 1308 2226 ac
1372 2163 2080 2227 indefectibilitatem
2143 2165 2218 2228 in
2292 2165 2528 2230 eadem
2593 2166 2990 2230 emisi-entia?

734 2268 841 2334 2.0
879 2269 1121 2332 omnia
1156 2287 1345 2352 quae
1406 2270 1495 2334 ad
1544 2271 2061 2356 perfectionem,
2119 2272 2628 2336 distinctionem
2663 2277 2736 2336 et
2789 2293 2986 2356 snpe-

735 2378 1124 2443 rioritatem
1150 2379 1539 2459 juridicam
1578 2380 1952 2443 societatis
1989 2379 2432 2444 christianae
2475 2383 2842 2466 spectant:
2882 2378 2988 2443 3.0

738 2485 980 2549 omnia
1014 2503 1202 2569 quae
1238 2487 1330 2552 ad
1366 2487 1852 2553 hierarchiam
1887 2487 2232 2554 divinitus
2259 2489 2694 2571 institutam,
2735 2492 2990 2554 aucto·

738 2595 1033 2661 ritatem
1065 2597 1434 2678 socialem,
1472 2598 1878 2679 subJectum
1912 2598 2323 2680 potestatiS,
2363 2596 2833 2679 ejusdemque
2870 2614 2991 2660 ex-

739 2704 1170 2789 tensionem,
1238 2706 1765 2788 suprematiam
1832 2708 2052 2789 atque
2114 2704 2765 2787 independentiam
2831 2704 2992 2769 atti·

740 2813 938 2877 nent.

917 2918 1125 2983 Ratio
1161 2919 1374 2999 hujus
1409 2918 2022 2983 immutabilitatis
2059 2918 2387 2983 omnibus
2423 2919 2654 3000 patet3
2695 2918 2992 3003 etenim,

741 3024 1407 3089 fundamentalibus
1442 3026 1910 3106 transversis,
1945 3026 2326 3109 primaeva
2359 3024 2736 3090 Ecclesiae
2795 3025 2994 3091 insti-

742 3132 923 3195 tutio
985 3131 1273 3214 penitus
1332 3136 1732 3216 corrueret,
1797 3138 1869 3197 et
1918 3134 2069 3215 jam
2129 3151 2276 3197 non
2329 3135 2524 3197 esset
2577 3134 2896 3197 societas
2955 3152 2999 3197 a

746 3236 1030 3305 Christo
1058 3238 1391 3321 fundata,
1422 3240 1619 3303 facto
1656 3239 2132 3303 revelationis
2161 3241 2233 3302 et
2265 3240 2588 3321 positiva
2625 3238 2853 3303 divini
2888 3241 3000 3304 sui

744 3345 1179 3410 institutoris
1228 3346 1608 3411 voluntate
1642 3346 1922 3428 innixa,
1963 3346 2088 3410 sed
2127 3347 2598 3429 congregatio
2638 3365 2836 3412 mere
2872 3347 2998 3411 hu-

746 3471 989 3535 mana,
1028 3453 1284 3518 umbra
1318 3460 1539 3536 atque
1571 3456 1856 3537 species
1915 3472 2140 3520 verae
2174 3454 2578 3536 Ecclesiae,
2617 3456 2997 3521 assotiatio

748 3562 859 3626 sui
890 3561 1180 3645 generis
1216 3560 1623 3625 arbitrariis
1681 3561 2060 3627 elementis
2093 3561 2406 3643 turpiter
2460 3560 2783 3643 faedata3
2825 3563 2999 3627 alio-

750 3667 922 3750 quin
954 3666 1259 3731 Romani
1293 3666 1682 3731 Pontifices
1717 3666 1987 3732 Christi
2025 3667 2098 3731 in
2141 3666 2356 3730 terris
2390 3666 2667 3731 Vicarii
2699 3672 2772 3731 et
2803 3668 3003 3734 Petri

750 3773 1055 3855 legitimi
1090 3790 1551 3839 successores
1580 3774 1699 3855 jus
1735 3773 2060 3839 divinum
2119 3777 2456 3837 evertere
2516 3777 2587 3836 et
2639 3774 3004 3839 voluntati

748 3879 1251 3962 Redemptoris
1280 3880 1790 3946 contradicere
1806 3880 2226 3944 nullatenus
2257 3885 2584 3962 possunt,
2603 3898 2770 3945 nam
2795 3882 2999 3965 ipsiS,

741 3990 956 4071 juxta
1011 3990 1507 4055 Florentinam
1551 3993 1623 4053 et
1682 3989 2119 4054 Vaticanam
2175 3987 2532 4070 Synodos,
2597 4006 2641 4051 a
2691 3987 3002 4054 Domino

750 4101 999 4162 nostro
1033 4097 1076 4162 J
1082 4114 1207 4162 esu
1244 4096 1528 4162 Christo
1566 4101 1847 4159 tantum
1881 4098 2103 4179 plena
2133 4099 2463 4178 potestas
2496 4095 2767 4159 tradita
2794 4098 2906 4159 est
2930 4095 3005 4159 in

750 4203 965 4268 beato
999 4204 1215 4269 Petro
1253 4203 1630 4287 pascendi,
1668 4203 1972 4285 regendi
2007 4220 2096 4268 ac
2128 4202 2592 4285 gubernandi
2625 4201 3003 4267 universa·
