3332 5100
1763 404 1855 426 *——
1907 382 2019 440 188
2063 416 2137 426 —-

1022 526 1226 606 Quod
1260 526 1350 588 ad
1372 528 1677 590 valorem
1711 526 1995 608 attinet,
2035 524 2487 590 Concordata
2533 530 2699 590 sunt
2723 526 2933 590 simul
2987 526 3069 590 le-

840 656 952 720 9e3
986 634 1486 698 ecclesiasticae
1524 638 1596 696 et
1654 636 1909 714 civile&
1969 636 2029 698 si
2093 634 2351 698 debitis
2407 634 2781 716 gaudeant
2841 634 3071 716 requi-

774 784 778 788 -
844 742 1026 822 sitis;
1062 742 1590 820 ecclesiasticae,
1628 742 1797 822 quia
1831 740 2099 806 Summi
2133 742 2515 806 Pontifices
2556 760 2687 824 per
2721 760 2807 806 ea
2873 742 3073 804 disci-

844 850 1116 932 plinam
1152 850 1272 914 vel
1288 850 1406 930 jus
1432 850 1907 912 ecclesiarum
1935 850 2487 931 particularium
2523 850 2885 930 ordinant3
2917 851 3075 914 civi-

784 1012 792 1016 -
844 958 964 1036 lea,
1002 958 1342 1038 quoniam
1378 974 1422 1018 a
1456 960 1817 1036 potestate
1847 956 2049 1020 civili
2085 956 2637 1038 promulgantur
2687 960 2761 1020 et
2799 956 3077 1020 civibus

844 1062 1342 1144 imponuntur,
1382 1062 1572 1125 sicut
1608 1066 1681 1124 et
1711 1066 2049 1126 caeterae
2075 1062 2275 1142 leges
2303 1062 2581 1126 civiles.
2605 1060 2747 1126 Sub
2775 1066 3077 1142 utroque

844 1174 1184 1250 respectu
1210 1170 1358 1250 Juri
1392 1170 1755 1232 communi
1789 1170 2167 1250 derogant,
2205 1174 2561 1250 quatenus
2597 1170 2887 1232 illorum
2947 1168 3077 1230 dis-

846 1276 1242 1356 positiones
1272 1294 1430 1340 cum
1460 1278 1689 1340 sacris
1725 1276 2123 1340 canonibus
2159 1282 2283 1338 aut
2307 1276 2471 1356 jure
2501 1276 2703 1340 civili
2733 1280 2957 1340 antea
2983 1274 3079 1340 vi-

846 1384 1044 1460 genti
1078 1386 1152 1446 in
1188 1384 1316 1446 tali
1352 1386 1650 1464 regione
1691 1384 2071 1446 conciliari
2095 1388 2487 1464 nequeunt.

1024 1488 1136 1552 Ad
1170 1490 1456 1574 effectus
1494 1488 2117 1554 Concordatorum
2153 1488 2343 1570 quod
2401 1490 2711 1570 spectat,
2769 1490 2923 1550 tres
2981 1502 3079 1548 re-

848 1602 1258 1676 censentur,
1298 1614 1582 1676 nempe:
1622 1596 2119 1676 observantia,
2159 1600 2409 1658 mutua
2445 1596 2755 1658 fidelitas
2817 1596 2895 1656 et
2930 1610 3079 1674 per-

846 1704 1186 1788 petuitas„
1226 1723 1368 1768 non
1397 1722 1572 1768 vero
1600 1704 2155 1770 irrevocabizitas
2191 1707 2391 1784 (nota
2423 1704 2657 1786 bene).

1024 1808 1540 1892 Quaecumque
1574 1812 1669 1874 sit
1701 1810 2065 1874 sententia
2100 1810 2187 1874 de
2219 1828 2469 1874 eorum
2503 1814 2793 1890 natura,
2833 1824 3083 1872 omnes

846 1922 1090 1982 tamen
1126 1920 1590 1982 consentiunt
1648 1920 1721 1982 in
1759 1936 1841 1982 eo
1881 1918 2069 2000 quod
2133 1916 2591 1982 Concordata
2653 1921 2983 1980 mutuam
3017 1918 3081 1978 et

848 2016 1274 2108 perpetuam
1312 2028 1606 2108 pariant
1640 2028 2183 2108 obligationem,
2221 2026 2557 2090 nimirum
2587 2024 2907 2088 officium
2941 2040 3079 2086 ser-

848 2134 1078 2195 vandi
1114 2150 1226 2214 ea,
1266 2152 1452 2214 quae
1488 2134 1845 2214 promissa
1879 2140 2067 2214 sunt;
2099 2152 2267 2196 nam
2287 2132 2801 2196 contrahentes
2829 2132 3081 2194 solem-

850 2240 1036 2302 niter
1064 2258 1268 2304 suam
1308 2240 1520 2304 fidem
1548 2242 1879 2322 obligant
1911 2242 2205 2322 proprio
2243 2244 2459 2322 atque
2525 2256 2985 2302 sucessorum
3019 2240 3085 2300 et

850 2348 1296 2412 subditorum
1324 2366 1616 2412 suorum
1646 2350 1961 2410 nomine.
1997 2346 2321 2410 Societas
2357 2348 2594 2410 civilis
2656 2365 2785 2410 seu
2854 2350 3083 2410 status

850 2460 1138 2522 tenetur
1168 2456 1610 2536 obligatione
1640 2456 2163 2536 praeexistenti
2189 2464 2393 2520 aucta
2423 2458 2489 2520 vi
2504 2456 2726 2540 pacti:
2758 2452 3085 2518 Ecclesia

850 2581 1026 2627 vero
1066 2567 1350 2625 tenetur
1388 2565 1586 2627 certo
1616 2565 1899 2627 ratione
1935 2565 2365 2645 sapientiae,
2397 2562 2868 2643 benignitatis
2915 2564 2987 2624 et
3017 2560 3083 2622 fi-

852 2673 1170 2735 delitatis
1208 2673 1316 2735 sui
1348 2665 1648 2753 Capitis,
1715 2679 1935 2753 atque
1985 2673 2205 2735 etiam
2263 2670 2714 2753 probabilius
2766 2670 2834 2732 vi
2893 2668 3085 2752 pacti

850 2797 976 2843 seu
1002 2779 1502 2861 promissionis
1538 2779 1628 2841 ab
1666 2779 1905 2843 altera
1941 2785 2149 2861 parte
2177 2780 2610 2859 acceptatae
2634 2796 2796 2840 cum
2846 2794 3085 2858 repro-

850 2887 1214 2969 missione,
1276 2887 1662 2949 subaudita
1721 2891 1965 2949 tamen
2015 2887 2433 2949 necessaria
2489 2884 2907 2954 conditione
2957 2884 3085 2946 nisi

850 2995 1046 3059 aliud
1068 2995 1372 3079 postulet
1406 2995 1650 3057 bonum
1677 2995 2071 3059 animarum
2107 2995 2209 3059 vel
2243 2995 2435 3059 salas
2471 3000 2752 3057 aeterna
2800 2992 3085 3076 populo-

850 3123 1030 3183 rum,
1070 3103 1228 3165 finis
1264 3119 1642 3183 supremus
1693 3107 1763 3165 et
1799 3103 2401 3183 supernaturaliS,
2443 3100 2530 3165 ad
2568 3116 2782 3182 quem
2850 3098 3085 3162 omnia

852 3209 1310 3273 subordinari
1338 3209 1624 3273 debent.

1030 3317 1140 3379 Ex
1165 3317 1274 3379 his
1310 3317 1775 3397 consequitur
1811 3321 2145 3381 neutram
2180 3321 2466 3399 partem
2526 3334 2740 3398 posse
2798 3334 2842 3378 a
2911 3314 3081 3380 Con-

854 3425 1154 3487 cordato
1184 3425 1468 3489 resilire
1506 3427 1626 3489 vel
1664 3425 1731 3489 ei
1767 3425 2147 3507 derogare,
2209 3425 2441 3489 invita
2492 3424 2754 3504 altera3
2824 3424 3081 3486 alteru-

852 3537 968 3593 tra
996 3549 1170 3595 vero
1200 3531 1412 3595 fidem
1438 3533 1851 3613 frangente,
1891 3549 2105 3613 posse
2137 3533 2447 3595 alteram
2475 3530 2596 3594 vel
2620 3530 2933 3612 resilire,
2973 3528 3083 3594 vel

854 3639 1358 3703 executionem
1392 3657 1681 3721 urgere.

1034 3745 1184 3809 166.
1286 3745 1675 3825 Quaeritur
1709 3765 1925 3833 nunc,
1967 3765 2059 3809 an
2093 3745 2447 3827 eiusmodi
2510 3745 2826 3811 fidelitas
2877 3749 3083 3827 atque

852 3855 1306 3935 perpetuitas
1346 3861 1710 3937 supponat
1743 3855 1863 3919 vel
1897 3855 2223 3917 includat
2279 3855 2351 3917 in
2387 3873 2518 3919 sua
2566 3855 2860 3917 notione
2915 3855 3081 3917 irre-

854 3963 1362 4027 vocabilitatem
1398 3981 1490 4025 ex
1524 3971 1735 4045 parte
1771 3963 2169 4037 Ecclesiae,
2207 3963 2309 4025 uti
2363 3961 2810 4025 contendunt
2874 3957 3081 4023 aulici

854 4075 928 4131 et
964 4069 1552 4151 pseudo-politici
1604 4071 1885 4151 ingenti
1945 4069 2379 4151 disciplinae
2435 4074 2654 4151 atque
2718 4067 3083 4131 Ecclesiae

856 4175 1216 4241 libertatis
1248 4177 1570 4257 jactura.
1603 4179 1715 4241 Ad
1753 4179 1943 4243 hanc
1979 4179 2479 4261 quaestionem
2514 4175 2734 4259 plane
2798 4189 3079 4255 respon-

864 4283 1114 4349 demus
1152 4287 1853 4351 irrevocabilitatem
1891 4287 2183 4351 minime
2219 4287 2409 4349 inter
2447 4287 2752 4351 effectus
2788 4281 3083 4347 Concor-
