3332 5100
1328 340 1689 400 -277—

382 494 502 560 dio
538 494 798 576 dignas
856 490 1352 556 existimamus
1412 490 1711 570 propter
1763 486 2325 552 frecuentiorem
2380 502 2631 550 earum

380 618 592 664 usum
630 604 778 662 tam
814 598 890 660 in
926 594 1444 660 ecclesiasticis
1496 592 1813 674 judiciiS,
1855 610 2071 674 quam
2103 592 2177 656 in
2211 592 2479 656 scholis
2515 610 2629 656 ca-

388 706 706 770 tholicis
746 702 1158 768 Canonicae
1194 700 1677 764 Collectiones
1713 700 1923 780 huJus
1951 698 2315 762 secundae
2351 700 2633 782 periodi

382 814 740 876 historiae
766 810 1150 892 juridicae,
1212 826 1428 890 quam
1490 806 2019 888 prosequimur,
2091 806 2633 888 perspicuitatis

384 922 654 1003 gratia,
696 918 1068 982 commode
1106 916 1198 979 ad
1254 920 1562 998 quatuor
1598 916 1845 996 capita
1899 914 2237 978 revocari
2297 916 2627 994 possunt:

388 1028 704 1110 primum
742 1026 828 1088 de
866 1022 1310 1088 Collectione
1370 1022 1755 1088 Gratianea
1811 1020 2199 1101 disserens;
2239 1020 2635 1084 secundum

388 1134 478 1196 de
516 1132 1082 1198 Collectionibus
1118 1128 1783 1214 Ante-Greyorianis
1839 1146 2089 1210 agens3
2153 1128 2445 1192 tertium
2481 1126 2635 1192 Col-

384 1240 776 1304 lectionem
838 1238 1342 1324 Greyorianam
1390 1238 1793 1320 inquiren83
1855 1240 2191 1320 quartum
2257 1232 2635 1298 Collectio-

387 1362 546 1426 neS,
584 1362 772 1426 quae
806 1344 1476 1428 Post-Gregorianae
1536 1346 1925 1424 vocantur,
1987 1340 2473 1424 perpendens.
2527 1340 2637 1404 De

390 1468 824 1532 unoquoque
864 1450 1290 1532 singillatim
1326 1452 1967 1532 pertractabimus.

570 1558 726 1621 254.
820 1558 1194 1622 Decretum
1252 1556 1610 1622 Gratiani.
1673 1558 1917 1620 Prima
1983 1556 2317 1620 collectio
2377 1574 2639 1622 memo-

390 1664 626 1728 randa
652 1666 726 1728 in
752 1664 792 1728 J
802 1682 926 1728 ure
954 1664 1160 1730 Novo
1190 1666 1612 1730 inscribitur
1640 1666 2033 1730 Decretum
2061 1664 2419 1746 Gratiani,
2453 1684 2639 1746 quae

394 1770 684 1852 quidem
718 1772 1100 1834 notissima
1134 1772 1558 1854 compilatio
1594 1772 1787 1836 hanc
1837 1772 2231 1836 secundam
2263 1772 2641 1856 periodum

392 1878 814 1942 historicam
850 1880 1112 1960 aperit.

572 1984 828 2048 Petrus
864 1984 1286 2068 Gratianus,
1342 1988 1638 2052 saeculo
1673 1988 1779 2052 XI
1839 1992 2153 2052 exeunte
2187 1988 2311 2052 vel
2363 1986 2505 2052 XII
2539 1988 2641 2052 in-

396 2090 736 2174 cipiente,
778 2090 1000 2156 Clusii
1036 2092 1370 2158 Etruriae
1408 2096 1606 2158 urbis
1642 2100 1883 2178 natuS,
1913 2088 2367 2178 professione
2399 2112 2641 2158 mona-

396 2196 572 2260 chus
608 2198 1110 2262 benedictinus
1146 2200 1218 2262 in
1252 2204 1695 2266 monasterio
1725 2202 2165 2266 Bononiensi
2213 2202 2645 2266 Sanctorum

394 2306 800 2388 Martyrum
836 2306 1100 2370 Felicis
1136 2312 1206 2372 et
1254 2308 1594 2392 Naboris,
1658 2312 2091 2392 disciplinae
2147 2310 2647 2374 ecclesisticas

394 2415 500 2477 ita
556 2415 944 2497 studiosus,
1002 2421 1078 2479 ut
1136 2420 1364 2479 totam
1420 2417 1574 2497 ejus
1640 2437 1913 2499 curam,
1975 2419 2349 2501 aciemque
2385 2417 2645 2481 mentis

398 2521 878 2603 congerendis
916 2531 1134 2605 atque
1172 2523 1550 2587 Ecclesiae
1600 2527 1999 2589 canonibus
2033 2525 2485 2607 exponendis
2519 2525 2643 2587 im-

394 2631 752 2711 penderit,
814 2629 1368 2693 celeberrimam
1427 2631 1935 2697 collectionem
1999 2633 2317 2695 omnium
2383 2629 2645 2695 ditissi-

396 2753 590 2799 mam
628 2737 1030 2817 evulgavit.
1076 2735 1272 2819 Opus
1330 2755 1560 2819 suum,
1624 2741 1959 2821 quamvis
2017 2739 2241 2821 vulgo
2277 2739 2649 2803 Decretum

398 2845 542 2909 dici
570 2847 804 2909 soleat
838 2847 930 2910 ad
962 2848 1194 2911 instar
1230 2847 1826 2929 compilationum
1873 2847 2121 2913 Ivonis
2171 2845 2641 2911 Carnotensis

400 2957 476 3017 et
500 2953 904 3019 Burchardi
936 2955 1516 3037 wormatiensis,
1548 2973 1853 3037 quarum
1879 2957 2041 3019 loco
2069 2953 2641 3035 subrogandum,

405 3059 984 3129 Concordantiam
1020 3063 1570 3127 discordantium
1602 3085 1939 3129 canonum
1975 3063 2355 3145 appellare
2389 3061 2647 3143 Voluit,

404 3171 574 3251 quia
606 3171 1046 3251 praecipuus
1084 3168 1420 3235 Gratiani
1468 3189 1731 3253 scopus
1793 3171 1947 3253 fuit,
1989 3171 2203 3233 certis
2255 3169 2649 3251 propositis

404 3277 978 3359 quaestionibus,
1020 3295 1338 3341 canones
1374 3277 1664 3359 aliaque
1711 3281 2199 3359 monumenta,
2239 3291 2427 3359 quae
2461 3275 2653 3339 inter

404 3401 482 3449 se
520 3385 872 3448 dissidere
906 3385 1370 3467 videbantur,
1408 3385 1484 3447 in
1518 3385 1985 3449 concordiam
2019 3401 2401 3449 revocare.

588 3491 816 3559 Causa
874 3497 944 3557 et
998 3493 1304 3579 Epocha.
1346 3491 1740 3557 Gratianus
1777 3511 1957 3575 opus
2007 3511 2211 3557 suum
2249 3509 2439 3555 anno
2481 3487 2651 3553 1127

405 3601 822 3683 incoeptum
858 3605 930 3665 et
964 3619 1154 3663 anno
1194 3601 1362 3665 1151
1392 3601 1803 3663 absolutum
1831 3599 2183 3681 evulgare
2223 3597 2495 3661 studuit
2531 3597 2653 3659 tri-

406 3711 580 3793 plici
616 3711 886 3775 motivo
922 3711 1240 3775 innixus:
1306 3709 1410 3775 1.⁰·
1442 3710 1636 3791 quia,
1691 3725 1851 3771 cum
1881 3704 2183 3771 Codices
2239 3703 2653 3769 occidenta-

406 3821 513 3885 les
548 3839 820 3903 magna
878 3821 1300 3883 confusione
1336 3823 1553 3899 atque
1614 3815 2059 3881 obscuritate
2093 3813 2543 3891 laborarent,
2583 3811 2657 3873 et

406 3927 650 3991 Latini
686 3929 936 4009 lingua
970 3945 1240 4009 graeca
1274 3927 1430 3989 fere
1468 3925 1673 3989 obliti
1723 3923 1815 3985 ad
1851 3919 2301 4003 exemplaria
2339 3917 2653 3981 orienta-

408 4037 534 4117 lia,
604 4055 792 4119 quae
840 4035 1306 4117 *autographa
1358 4033 1841 4111 habebantur,
1903 4047 2035 4111 pro
2093 4045 2275 4093 vera
2331 4025 2647 4089 lectione

408 4143 886 4227 restituenda,
958 4147 1030 4205 et
1086 4141 1398 4225 genuino
1464 4155 1827 4203 canonum
1891 4153 2107 4199 sensu
2171 4131 2655 4219 assequendO,

408 4251 704 4317 minime
732 4267 1142 4333 provocare
1168 4251 1490 4331 possent,
1522 4263 1821 4329 prorsus
1851 4243 2161 4325 urgebat
2189 4239 2549 4305 confectio
2587 4241 2661 4303 et

2654 5061 2674 5066 ,κ
2693 5035 2806 5066 ...Δ
