3332 5100
1282 353 1636 415 -357-

331 514 457 559 nus
489 497 1011 573 contentionem,
1044 498 1164 557 sed
1188 498 1388 573 plane
1412 497 1865 572 concordiam,
1901 512 2184 572 eamque
2231 513 2385 561 cum
2424 514 2577 561 cau·

331 582 424 640 sis
453 580 780 655 proximis
824 586 1330 653 congruentem,
1367 596 1540 653 quae
1602 594 1850 639 causae
1898 585 2255 654 utramque
2293 581 2575 641 societa-

332 668 466 719 tem
499 665 904 735 genuerunt.
1882 680 1891 690 -

494 740 683 799 Haec
709 739 981 814 quidem
1025 746 1200 812 sunt,
1244 754 1417 813 quae
1446 740 1528 798 de
1553 737 2045 797 constituendis
2095 740 2581 815 temperandis-

333 836 465 894 que
509 820 902 879 civltatibus
933 820 1018 877 ab
1071 819 1379 879 Ecclesia
1410 820 1747 878 catholica
1799 820 2574 895 praecipiuntur.—-Qui·

331 902 460 959 bus
493 910 718 959 tamen
754 899 954 957 dictis
985 900 1414 973 decretisque
1447 900 1504 958 si
1533 906 1719 958 recte
1751 899 2114 958 diiudicari
2144 901 2335 975 velit,
2392 902 2580 961 nulla

334 996 456 1055 per
486 998 557 1041 se
611 980 1130 1055 reprehenditur
1160 996 1249 1039 ex
1292 981 1504 1039 variis
1534 981 1957 1053 reipublicae
1986 980 2243 1055 formis,
2281 990 2356 1041 ut
2405 998 2579 1057 quae

334 1061 502 1122 nihil
532 1062 805 1133 habent,
834 1061 1012 1133 quod
1055 1061 1406 1119 doctrinae
1459 1061 1836 1120 catholicae
1868 1068 2224 1135 repugnet,
2275 1064 2579 1123 eaedem-

337 1158 467 1215 que
518 1148 818 1216 possunt,
853 1140 909 1197 si
959 1142 1301 1215 sapienter
1361 1142 1812 1199 adhibeantur
1851 1148 1919 1198 et
1974 1142 2171 1215 iuste,
2205 1142 2275 1200 in
2331 1143 2580 1217 optimo

336 1228 520 1281 statu
561 1222 736 1281 tueri
759 1221 1424 1281 civitatem—Immo
1449 1237 1671 1295 neque
1694 1221 1865 1279 illud
1894 1237 2015 1296 per
2045 1238 2117 1280 se
2146 1222 2579 1297 reprehendi·
2662 1232 2667 1239 '

338 1310 468 1373 tur,
494 1302 895 1377 participem
924 1302 1075 1375 plus
1105 1302 1324 1361 minus
1349 1318 1495 1360 esse
1543 1303 1863 1376 populum
1896 1301 2338 1375 reipublicae:
2401 1302 2583 1377 quod

336 1382 557 1457 ipsum
587 1378 792 1440 certis
824 1382 894 1439 in
925 1382 1339 1455 temporibus
1371 1382 1709 1455 certisque
1762 1382 2030 1456 legibus
2059 1389 2279 1456 potest
2306 1398 2441 1443 non
2476 1399 2581 1443 so-

336 1464 476 1521 lum
517 1464 605 1521 ad
659 1462 1045 1534 utilitatem,
1081 1463 1201 1520 sed
1249 1463 1456 1522 etiam
1487 1464 1575 1521 ad
1605 1462 1903 1521 officium
1932 1463 2273 1536 pertinere
2306 1464 2578 1523 civium.

338 1542 700 1617 —Insuper
732 1557 950 1616 neque
983 1545 1190 1601 causa
1237 1543 1414 1601 iusta
1458 1546 1783 1615 nascitur,
1822 1558 1941 1602 cur
1972 1542 2351 1603 Ecclesiam
2402 1544 2581 1618 quis-

339 1639 543 1697 quam
595 1622 1012 1695 criminetur,
1075 1631 1190 1681 aut
1259 1639 1406 1681 esse
1459 1623 1528 1682 in
1577 1624 1858 1681 lenitate
1908 1622 2382 1698 facilitateque
2434 1625 2585 1698 plus

339 1719 558 1777 aequo
589 1704 993 1776 restrictam,
1029 1712 1146 1761 aut
1193 1703 1277 1774 ei,
1335 1720 1508 1777 quae
1539 1719 1865 1778 germana
1894 1710 1961 1761 et
2007 1703 2317 1777 legitima
2366 1704 2475 1779 sit,
2506 1705 2583 1763 li-

340 1784 591 1844 bertati
619 1784 986 1841 inimicam.
1009 1819 1052 1826 ---
1073 1783 1338 1841 Revera
1361 1784 1417 1841 si
1443 1783 1656 1841 divini
1708 1783 1930 1841 cultus
1956 1786 2149 1841 varia
2172 1800 2428 1860 genera
2480 1800 2583 1842 eo-

341 1866 494 1923 dem
517 1865 662 1922 iure
695 1880 864 1935 esse,
900 1879 1028 1937 quo
1065 1880 1298 1923 veram
1345 1864 1768 1939 religionem,
1802 1862 2111 1922 Ecclesia
2138 1864 2399 1923 iudicat
2450 1880 2585 1924 non

340 1945 573 2018 licere,
598 1960 734 2003 non
757 1944 908 2003 ideo
941 1952 1168 2003 tamen
1197 1960 1312 2003 eos
1337 1945 1612 2003 damnat
1639 1959 1873 2003 rerum
1903 1944 2329 2017 publicarum
2361 1946 2583 2005 mode·

339 2034 623 2098 ratoreS,
655 2024 791 2099 qui,
826 2025 1058 2097 magni
1081 2024 1366 2083 alicuius
1399 2031 1515 2083 aut
1544 2024 1969 2097 adipiscendi
2010 2024 2189 2098 boni,
2224 2032 2341 2083 aut
2364 2024 2582 2100 prohi-

340 2107 548 2166 bendi
579 2121 786 2164 causa
815 2106 996 2178 mali,
1024 2106 1320 2164 moribus
1351 2113 1554 2179 atque
1587 2120 1713 2163 usu
1742 2104 2079 2179 patienter
2120 2105 2371 2178 ferunt,
2401 2112 2475 2166 ut
2504 2121 2585 2164 ea

339 2186 641 2245 habeant
699 2186 968 2259 singula
1023 2187 1094 2243 in
1145 2186 1424 2243 civitate
1475 2186 2031 2259 locum.—Atque
2088 2185 2257 2245 illud
2317 2199 2583 2260 quoque

341 2282 756 2341 magnopere
787 2282 1036 2325 cavere
1067 2266 1374 2324 Ecclesia
1391 2267 1561 2324 solet
1591 2273 1664 2324 ut
1695 2266 1782 2324 ad
1812 2267 2338 2340 amplexandam
2381 2266 2585 2326 fldem

343 2348 750 2406 catholicam
774 2362 968 2406 nemo
1001 2346 1254 2405 invitus
1285 2354 1592 2421 cogatur,
1643 2346 1825 2419 quia,
1860 2347 2040 2419 quod
2070 2346 2411 2421 sapienter
2452 2346 2583 2407 Au-

341 2427 656 2502 gustinus
680 2421 924 2499 monet,
953 2429 1204 2485 credere
1234 2444 1368 2485 non
1379 2432 1596 2504 potest
1625 2430 1813 2484 homo
1836 2428 1971 2484 nisi
2000 2427 2220 2485 volens
2252 2426 2369 2505 (1).

505 2506 722 2568 Simili
751 2508 1013 2566 ratione
1073 2524 1200 2566 nec
1231 2514 1450 2581 potest
1519 2506 1828 2566 Ecclesia
1876 2506 2264 2566 libertatem
2300 2506 2589 2581 probare

343 2605 518 2662 eam,
546 2605 719 2662 quae
742 2588 1092 2648 fastidium
1115 2589 1356 2663 gignat
1387 2589 1931 2646 sanctisimarum
1963 2587 2088 2645 Dei
2118 2588 2368 2662 legum,
2402 2587 2589 2646 debi-

343 2679 620 2743 tamque
649 2669 967 2744 potestati
994 2669 1340 2744 legitimae
1373 2668 1827 2726 obedientiam
1860 2674 2089 2727 exuat.
2124 2668 2243 2726 Est
2286 2667 2468 2728 enim
2508 2668 2589 2726 li-

344 2752 574 2812 centia
627 2750 880 2822 veriuS,
935 2765 1136 2822 quam
1184 2750 1492 2824 libertas3
1545 2749 2023 2822 rectisimeque
2074 2749 2161 2806 ab
2210 2748 2588 2824 Augustino

321 2832 614 2888 .libertas
640 2830 1037 2908 perditionis
1097 2829 1211 2908 (2),
1261 2846 1302 2888 a
1355 2829 1553 2888 Petro
1613 2830 1931 2902 Apostolo
1963 2830 2257 2888 velamen
2285 2830 2585 2888 malitiae

349 2910 444 2991 (3)
475 2912 875 2985 appellatur:
903 2911 1124 2983 immo,
1155 2926 1307 2968 cum
1327 2911 1413 2968 sit
1435 2915 1706 2984 praeter
1726 2910 2077 2983 rationem,
2106 2925 2274 2968 vera
2297 2909 2589 2968 servitus

347 3000 472 3050 est:
493 2993 606 3068 qui
631 2992 808 3048 enim
849 2992 1022 3067 facit
1035 2996 1403 3068 peccatum,
1423 3007 1650 3050 servus
1672 2995 1765 3048 est
1786 2991 2049 3068 peccati
2073 2990 2188 3069 (4).
2210 2986 2456 3049 Contra
2476 2990 2593 3050 illa

347 3087 678 3146 germana
700 3079 801 3130 est
823 3079 1028 3144 atque
1059 3072 1442 3146 expetenda
1459 3071 1758 3142 libertae,
1796 3086 1968 3146 quae
1992 3071 2051 3130 si
2061 3070 2377 3145 privatim
2403 3086 2588 3145 spec-

347 3152 902 3225 tetur,erroribus
927 3163 994 3209 et
1011 3152 1516 3226 cupiditatibuS,
1545 3152 1911 3211 teterrimis
1935 3151 2593 3224 dominis,hominem

347 3233 610 3294 servire
634 3247 768 3290 non
783 3233 962 3290 sinit:
993 3232 1049 3290 si
1077 3233 1652 3306 publice,civibus
1682 3233 2027 3307 sapienter
2060 3237 2350 3305 praeest,
2380 3231 2591 3290 facul-

347 3321 561 3372 tatem
586 3314 1058 3387 ‚augendorum
1089 3314 1588 3372 commodorum
1637 3313 1831 3386 large
1888 3313 2247 3372 ministrat:
2311 3328 2593 3386 remque

352 3395 698 3469 publicam
727 3393 813 3450 ab
839 3393 1058 3451 alieno
1083 3394 1366 3452 arbitrio
1398 3392 2024 3467 defendit.-Atqui
2047 3389 2403 3452 honesta‘m
2415 3395 2592 3451 hanc

355 3481 426 3534 et
474 3474 742 3532 homine
813 3474 1089 3548 dignam
1162 3474 1571 3545 libertatem,
1625 3473 1936 3532 Ecclesia
2004 3475 2248 3547 probat
2298 3474 2595 3532 omnium

347 3556 670 3627 maxime,
698 3570 982 3628 eamque
1032 3561 1107 3613 ut
1135 3560 1438 3612 tueretur
1465 3555 1536 3611 in
1566 3554 1829 3627 populis
1876 3554 2137 3612 firmam
2167 3559 2370 3627 atque
2427 3553 2598 3610 inte·-

349 3651 570 3711 gram,
606 3635 771 3693 eniti
804 3641 871 3693 et
899 3635 1309 3694 contendere
1347 3649 1717 3706 n-umquam
1745 3633 2375 3693 destitit-Revera
2422 3647 2596 3705 quae

347 3731 462 3776 res
491 3716 560 3773 in
589 3715 870 3773 civitate
929 3716 1290 3788 plurimum
1347 3715 1435 3772 ad
1465 3729 1885 3772 communem
1944 3713 2231 3772 salutem
2291 3721 2593 3786 possunt:

351 3811 530 3871 quae
563 3801 718 3854 sunt
759 3802 1012 3860 ,contra
1071 3795 1416 3854 licentiam
1445 3794 1830 3870 principum
1860 3794 2104 3868 populo
2155 3794 2329 3852 male
2360 3807 2597 3852 consu-

349 3877 638 3935 lentium
665 3874 922 3936 utiliter
951 3876 1324 3936 institutae:
1358 3891 1532 3950 quae
1563 3891 1894 3935 summam
1947 3873 2441 3949 rempublicam
2483 3889 2595 3933 ve-

498 4078 577 4144 (1)
649 4075 829 4128 Tract.
857 4075 1068 4128 XXVI
1091 4077 1152 4127 in
1179 4073 1369 4141 Joan.,
1394 4091 1450 4128 n.
1487 4078 1534 4126 2.

499 4149 575 4216 (2)
645 4147 826 4214 Epist.
860 4147 986 4200 CV.
1013 4148 1088 4200 ad
1113 4147 1463 4213 Donatistae,
1490 4162 1613 4216 cap.
1640 4143 1715 4216 11,
1743 4161 1799 4198 n.
1822 4147 1873 4200 9.

501 4222 578 4286 (3)
649 4219 676 4272 I
704 4218 857 4273 Petr.
878 4219 936 4272 11
979 4222 1061 4273 16.

503 4291 584 4365 (4)
657 4289 810 4347 loan.
839 4290 996 4362 vm,
1025 4293 1112 4351 81.
