3332 5100
1303 322 1661 384 ..345-

360 465 591 525 disnte
623 465 939 525 libertate
962 469 1248 539 partum,
1276 466 1506 525 valere
1543 482 1623 525 ac
1669 464 2003 525 dominari
2051 464 2304 540 passim
2352 466 2596 543 coepit.

360 546 579 606 -Sed
624 547 1056 621 quantumvis
1088 547 1298 605 multa
1335 547 1528 605 multi
1557 546 1927 621 periclitati
1972 554 2147 620 sunt,
2183 556 2468 622 constat,
2501 565 2600 608 re-

359 635 628 703 pertam
653 642 1022 701 numquam
1073 643 1223 685 esse
1274 628 1837 703 praestantiorem
1881 628 2395 688 constituendae
2441 638 2600 689 tem-

359 709 844 783 perandaeque
876 707 1179 767 civitatis
1209 708 1560 780 rationem,
1616 723 1817 781 quam
1848 723 2021 781 quae
2072 709 2158 765 ab
2199 711 2602 785 evangelica

361 788 676 848 doctrina
724 795 960 863 sponte
995 788 1761 847 'efflorescit.-*—Maximi
1794 788 2001 862 igitur
2031 789 2349 847 momenti
2398 796 2600 864 atque

360 870 729 929 admodum
759 868 1023 928 muneri
1052 868 1294 928 Nostro
1328 870 1695 944 apostolico
1729 875 2254 928 consentaneum
2300 885 2447 930 esse
2498 887 2600 930 ar-

358 949 719 1023 bitramur,
746 964 959 1009 novas
991 950 1075 1008 de
1105 965 1180 1008 re
1205 950 1478 1024 publica
1509 948 1858 1024 opiniones
1882 965 2034 1007 cum
2066 949 2375 1010 doctrina
2395 951 2600 1010 chris-

363 1030 554 1090 tiana
607 1030 941 1090 conferre:
996 1045 1127 1103 quo
1176 1030 1368 1089 modo
1419 1029 1668 1090 erroris
1719 1029 2294 1104 dubitationisque
2362 1047 2602 1091 causas

360 1117 672 1185 ereptum
693 1111 801 1183 iri,
848 1117 1237 1185 emergente
1264 1111 1576 1183 veritate,
1622 1110 2039 1184 confidimus,
2096 1110 2193 1169 ita
2247 1116 2321 1170 ut
2366 1111 2600 1171 videre

361 1191 650 1266 quisque
681 1190 886 1251 facile
941 1197 1145 1267 queat
1191 1206 1448 1251 summa
1497 1190 1614 1249 illa
1665 1197 2034 1265 praecepta
2076 1191 2375 1266 vivendi,
2427 1208 2600 1267 quae

359 1273 558 1347 sequi
588 1278 655 1329 et
683 1271 925 1345 quibus
955 1286 1195 1345 parere
1227 1272 1494 1331 debeat.

522 1351 672 1410 Non
698 1360 799 1411 est
821 1352 1053 1427 magni
1081 1352 1340 1427 negotii
1370 1357 1689 1427 statuere,
1726 1352 1995 1425 qualem
2024 1351 2112 1411 sit
2137 1351 2431 1425 speciem
2470 1353 2600 1412 for-

357 1447 676 1505 mamque
705 1432 1019 1491 habitura
1072 1433 1338 1505 civitas,
1393 1433 1856 1508 gubernantes
1907 1432 2277 1491 christiana
2317 1432 2600 1507 philoso-

358 1514 522 1587 phia
544 1527 689 1571 rem
717 1512 1456 1587 publicam.—Insitum
1487 1514 1739 1572 homini
1769 1519 2014 1572 natura
2045 1519 2168 1582 est,
2200 1519 2274 1571 ut
2314 1514 2384 1573 in
2415 1514 2604 1573 civili

359 1593 692 1652 societate
716 1593 928 1652 vivat:
964 1594 1022 1652 is
1055 1593 1234 1653 enim
1277 1594 1736 1653 necessarium
1766 1594 1947 1651 vitae
1998 1595 2253 1652 cultum
2291 1601 2355 1652 et
2410 1610 2600 1668 para-

356 1681 525 1745 tum,
557 1674 852 1747 itemque
883 1674 1144 1748 ingenii
1173 1682 1375 1748 atque
1407 1676 1614 1732 animi
1643 1674 2132 1749 perfectionem
2158 1690 2312 1732 cum
2352 1674 2421 1733 in
2452 1675 2602 1733 soli-

364 1755 604 1813 tudine
633 1754 922 1828 adipisci
953 1769 1084 1812 non
1109 1757 1340 1828 possit,
1368 1755 1713 1830 provisum
1743 1754 2067 1812 divinitus
2088 1761 2210 1826 est,
2236 1759 2310 1812 ut
2338 1756 2423 1812 ad
2449 1771 2600 1814 con-

355 1834 774 1893 iunctionem
822 1835 1554 1909 congregationemque
1604 1836 1946 1894 hominum
2003 1841 2399 1893 nasceretur
2449 1852 2602 1893 cum

357 1915 824 1989 domesticam,
888 1923 1028 1974 tum
1087 1916 1289 1974 etiam
1347 1916 1640 1988 civilem,
1703 1931 1876 1989 quae
1934 1915 2369 1989 suppeditare
2426 1917 2600 1975 vitae

355 1997 835 2071 sufficientiam
845 1997 1217 2072 perfectam
1239 1996 1381 2054 sola
1411 2003 1651 2070 potest.
1683 1994 2011 2069 Quoniam
2032 2011 2193 2053 vero
2218 2011 2353 2054 non
2384 2004 2602 2069 potest

355 2076 650 2135 societas
689 2077 827 2135 ulla
860 2076 1251 2149 consistere,
1286 2077 1416 2134 nisi
1451 2077 1509 2135 si
1533 2078 1779 2149 aliquis
1810 2076 2117 2134 omnibus
2148 2077 2424 2150 praesit,
2460 2077 2598 2135 effi-

355 2156 511 2215 caci
562 2157 897 2229 similique
951 2172 1225 2215 movens
1280 2158 1582 2232 singulos
1639 2156 1728 2214 ad
1780 2172 2129 2218 commune
2187 2158 2602 2231 propositum

354 2238 786 2310 impulsione,
821 2237 1137 2310 efficitur,
1192 2236 1381 2295 civili
1408 2238 1752 2296 hominum
1781 2237 2245 2296 communitati
2294 2253 2598 2297 necessa-

353 2318 529 2376 riam
562 2333 708 2375 esse
742 2318 1237 2390 auctoritatem,
1291 2334 1424 2391 qua
1458 2326 1759 2393 regatur:
1824 2334 2019 2391 quae,
2079 2334 2214 2376 non
2264 2333 2460 2378 secus
2518 2335 2600 2377 ac

355 2398 671 2470 societas,
708 2416 746 2455 a
777 2406 1020 2457 natura
1046 2407 1542 2471 proptereaque
1576 2415 1614 2457 a
1646 2398 1786 2457 Deo
1820 2399 1964 2471 ipso
1998 2398 2253 2456 oriatur
2298 2405 2598 2458 auctore.

355 2478 544 2536 —Ex
575 2494 702 2553 quo
735 2479 903 2536 illud
935 2480 1390 2552 consequitur,
1426 2486 1831 2553 potestatem
1856 2478 2198 2552 publicam
2227 2494 2347 2552 per
2395 2494 2465 2536 se
2504 2479 2598 2554 ip-

354 2576 504 2618 sam
531 2576 665 2618 non
697 2576 844 2618 esse
874 2560 1007 2619 nisi
1038 2577 1077 2617 a
1128 2559 1288 2618 Deo.
1346 2559 1541 2619 Solus
1591 2560 1769 2618 enim
1820 2559 2000 2619 Deus
2059 2568 2161 2616 est
2207 2559 2600 2619 verissimus

355 2640 830 2713 maximusque
862 2656 1086 2698 rerum
1119 2638 1448 2713 dominuS,
1484 2640 1594 2699 cui
1624 2641 1900 2698 subesse
1934 2648 1999 2696 et
2047 2638 2304 2697 servire
2352 2641 2596 2714 omnia,

355 2736 827 2794 quaecumque
869 2728 1045 2794 sunt,
1074 2737 1352 2779 necesse
1403 2726 1526 2779 est:
1576 2720 1671 2778 ita
1706 2727 1780 2779 ut
1822 2720 2229 2793 quicumque
2261 2721 2365 2779 ius
2396 2722 2598 2795 impe-

353 2800 557 2860 randi
586 2801 860 2874 habent,
895 2817 1028 2860 non
1059 2801 1130 2858 id
1154 2801 1426 2859 aliunde
1472 2801 1835 2875 accipiant,
1873 2801 2003 2859 nisi
2046 2800 2133 2858 ab
2185 2800 2299 2859 illo
2346 2816 2598 2862 summo

354 2884 653 2940 omnium
683 2883 990 2956 principe
1018 2881 1181 2940 Deo.
1219 2883 1368 2939 Non
1398 2887 1490 2940 est
1508 2887 1802 2959 potestas
1833 2881 1968 2940 nisi
2013 2899 2055 2939 a
2103 2882 2262 2939 Dee.
2311 2879 2600 2959 (ll—Ius

353 2971 580 3020 autem
613 2962 877 3036 imperii
909 2979 1029 3036 per
1065 2979 1134 3020 se
1167 2979 1300 3020 non
1359 2971 1463 3021 est
1519 2978 1666 3020 cum
1738 2962 1877 3020 ulla
1929 2960 2350 3036 reipublicae
2383 2962 2600 3022 forma

351 3043 740 3102 necessario
773 3044 1181 3116 copulatum:
1211 3043 1413 3101 aliam
1457 3042 1593 3112 sibi,
1619 3042 1730 3100 vel
1774 3042 1977 3101 aliam
2028 3057 2369 3100 assumere
2414 3050 2600 3102 recte

352 3130 599 3198 potest,
635 3123 826 3181 modo
858 3123 1170 3181 utilitatis
1224 3124 1518 3196 bonique
1582 3122 1953 3183 communis
2008 3137 2249 3195 reapse
2302 3122 2598 3184 efficien-

352 3212 512 3262 tem.
543 3202 676 3261 Sed
706 3204 773 3261 in
827 3204 1126 3276 quolibet
1172 3220 1424 3276 genere
1466 3204 1884 3277 reipublicae
1932 3203 2197 3260 omnino
2259 3203 2600 3277 principes

356 3285 612 3345 debent
644 3300 971 3343 summum
1002 3285 1233 3343 mundi
1266 3285 1789 3358 gubernatorem
1830 3283 2044 3342 Deum
2094 3283 2365 3357 intueri,
2421 3300 2596 3344 eum-

355 3379 489 3439 que
521 3364 956 3438 sibimetipsis
986 3366 1056 3424 in
1087 3366 1622 3424 administranda
1655 3365 1933 3423 civitate
1986 3373 2330 3438 tamquam
2376 3380 2596 3425 exem-

352 3444 542 3520 plum
567 3445 926 3518 legemque
949 3461 1342 3520 proponere.
1403 3446 1583 3504 Deus
1614 3445 1814 3518 enim,
1844 3446 2019 3503 sicut
2046 3445 2116 3502 in
2166 3445 2395 3518 rebus,
2425 3462 2598 3518 quae

354 3532 513 3584 sunt
583 3540 890 3599 quaeque
964 3534 1355 3598 cernuntur,
1413 3543 1654 3585 causas
1705 3527 1942 3600 genuit
2010 3526 2475 3598 secundarias,
2530 3526 2600 3585 in

351 3605 600 3679 quibus
624 3605 917 3680 perspici
946 3606 1174 3680 aliqua
1197 3607 1458 3665 ratione
1484 3613 1709 3680 posset
1729 3612 1973 3664 natura
1996 3606 2310 3679 actioque
2334 3605 2586 3680 divina,

353 3701 666 3760 quaeque
691 3687 778 3745 ad
809 3703 961 3745 eum
993 3688 1215 3759 finem,
1251 3702 1380 3760 quo
1403 3688 1570 3745 haec
1601 3702 1829 3745 rerum
1865 3692 2128 3761 spectat
2158 3685 2588 3759 universitas,

353 3766 838 3827 conducerent=
887 3767 982 3826 ita
1008 3768 1077 3827 in
1108 3768 1429 3826 societate
1460 3767 1648 3826 civili
1691 3766 1906 3825 voluit
1934 3781 2082 3825 esse
2116 3765 2592 3840 principatum,

355 3862 558 3921 quem
588 3848 704 3920 qui
733 3858 1072 3923 gererent,
1100 3848 1149 3907 ii
1177 3848 1542 3922 imaginem
1572 3847 1935 3921 quamdam
1978 3846 2249 3905 divinae
2275 3847 2346 3904 in
2379 3863 2594 3922 genus

351 3928 719 3986 humanum
747 3930 1098 4003 potestatis
1129 3929 1536 4003 divinaeque
1561 3928 2030 4003 providentiae
2060 3926 2419 3986 referrent.
2468 3927 2594 3987 De-

352 4007 472 4066 bet
504 4008 716 4082 igitur
749 4009 1103 4083 imperium
1162 4010 1410 4068 iustum
1459 4025 1628 4083 esse,
1692 4024 1912 4082 neque
1967 4008 2337 4081 herile‚sed
2387 4008 2592 4084 quasi

353 4094 731 4164 paternum,
766 4091 925 4164 quia
955 4089 1082 4150 Dei
1109 4089 1477 4151 iustissima
1527 4092 1598 4151 in
1658 4090 1960 4150 homines
2014 4095 2312 4164 potestas
2368 4099 2473 4150 est
2529 4100 2597 4151 et

498 4262 576 4333 (1)
647 4261 815 4319 Rom.
841 4261 1007 4332 XIII,
1040 4261 1084 4319 l.
