3332 5100
1322 356 1641 415 ...97-

1114 596 1642 665 ARTIOULUS
1674 597 1784 664 III

1218 824 1698 880 SUMMAmUM.

365 994 459 1047 87.
501 991 984 1045 constitutionum
1016 991 1550 1057 promulgatio—88.
1593 991 1799 1043 Forma
1824 991 2097 1043 canonica
2139 988 2613 1057 promulgationis

511 1069 666 1117 —89.
708 1065 796 1117 An
812 1065 1190 1129 promulgatio
1214 1063 1282 1114 ad
1300 1064 1612 1116 essentiam
1635 1060 1781 1127 legis
1794 1061 2118 1115 necessaria
2133 1061 2367 1113 sit—90.
2403 1060 2614 1114 Utrum

513 1137 760 1189 sufficiat
786 1137 1164 1203 promulgatio
1188 1135 1407 1187 Romae
1434 1135 1745 1187 facta—91.
1786 1130 2118 1199 Divulgatio
2144 1132 2615 1199 promulgationis

515 1211 670 1259 -92.
708 1207 858 1259 Num
884 1209 1200 1273 requiratur
1226 1206 1296 1258 ad
1351 1205 1801 1258 notificationem
1854 1203 2344 1258 constitutionum
2390 1201 2616 1255 Pontifi-

515 1279 726 1331 ciarum
748 1293 1064 1331 consensus
1090 1277 1345 1329 fidelium
1362 1308 1409 1316 --
1427 1279 1511 1329 93.
1553 1278 1646 1330 An
1670 1292 1816 1345 opus
1840 1276 1918 1331 sit
1941 1278 2055 1343 legi
2103 1273 2437 1329 Pontificiae
2461 1273 2617 1342 Epis-

513 1367 780 1419 coporum
808 1351 1216 1417 acceptatione.

553 1547 664 1613 87.
760 1545 1030 1611 Summi
1064 1544 1449 1610 Pontifices
1474 1544 1549 1608 in
1574 1544 1721 1609 suis
1748 1542 2085 1609 Decretis
2118 1542 2438 1608 ferendis
2469 1559 2616 1608 non

381 1655 619 1719 solum
654 1657 1022 1735 tamquam
1066 1653 1433 1735 sapientes
1467 1655 1542 1716 et
1570 1650 2114 1734 prudentissimi
2163 1650 2404 1732 legum
2437 1650 2618 1714 lato-

383 1781 507 1827 res
571 1779 814 1845 egere,
850 1761 1230 1824 consilium
1284 1763 1617 1845 petentes
1682 1763 1756 1825 et
1786 1759 2185 1843 peritorum
2217 1757 2618 1822 sententias

387 1889 652 1953 magno
688 1871 762 1935 in
796 1871 1028 1953 pretio
1062 1869 1441 1951 habentes,
1478 1887 1736 1935 verum
1770 1867 1990 1933 etiam
2022 1865 2387 1931 constanti
2419 1868 2491 1929 et
2515 1864 2617 1930 in-

391 1979 670 2045 violata
696 1977 1118 2059 integritate
1146 1977 1218 2041 in
1248 1976 1597 2040 exercitio
1612 1975 1732 2058 huj
1744 1993 1824 2040 us
1841 1973 2229 2057 potestatis
2248 1989 2618 2050 sese-com-

383 2087 844 2163 mendarunt,
946 2085 1315 2167 egregium
1382 2084 1772 2167 aequitatis
1835 2083 2247 2165 exemplum
2309 2079 2620 2165 posteris

383 2195 848 2279 praebenteS‚
890 2199 960 2257 et
994 2211 1323 2257 normam
1355 2194 1656 2257 strictae
1684 2193 2012 2274 justitiae
2069 2191 2208 2256 hae
2262 2208 2480 2273 super
2540 2207 2621 2255 re

375 2301 874 2365 indesinenter
938 2307 1352 2381 sequentes,
1392 2300 1749 2383 siquidem
1809 2298 2127 2363 debitam
2176 2301 2395 2380 atque
2428 2296 2618 2362 suffi-

383 2409 696 2473 cientem
724 2407 964 2489 legum
996 2407 1650 2490 promulgationem
1686 2423 2060 2490 nunquam
2122 2404 2626 2488 praetermise-

377 2519 573 2598 runt,
611 2515 904 2580 diversa
942 2515 1176 2580 forma
1212 2533 1343 2598 pro
1378 2514 1606 2580 variis
1637 2532 1883 2580 rerum
1918 2530 2008 2580 ac
2064 2516 2470 2596 temporum
2502 2508 2621 2576 ad·

379 2626 646 2706 junctis
681 2627 1002 2688 servata.

563 2732 774 2812 Apud
804 2748 1050 2794 omnes
1110 2732 1555 2811 compertum
1622 2732 1735 2794 est
1799 2729 1979 2794 illud
2043 2727 2626 2810 vulgatissimum

387 2840 708 2904 axioma:
748 2840 880 2920 lem,
918 2840 1060 2902 sive
1096 2838 1342 2920 civilis,
1380 2839 1521 2903 sive
1546 2839 2032 2920 eccleciastica,
2059 2858 2194 2902 non
2221 2836 2493 2920 obliyat,
2522 2836 2624 2900 m·-

389 2948 453 3012 si
475 2948 696 3032 fuerit
720 2946 1622 3032 sufficienterpromulyata,
1645 2945 1838 3027 quod
1854 2945 2145 3027 quidem
2169 2943 2629 3011 verissimum

381 3058 519 3134 est,
563 3054 734 3136 quia
770 3070 930 3116 cum
962 3054 1192 3116 omnis
1228 3054 1349 3116 lex
1382 3052 1502 3117 vel
1537 3054 1967 3140 affirmativa
2000 3052 2123 3118 vel
2154 3051 2475 3137 neyativa
2505 3049 2622 3130 sit,

381 3164 756 3240 nequeunt
790 3164 998 3222 actus
1022 3160 1382 3244 praecepti
1409 3159 1605 3241 poni,
1648 3159 1769 3223 vel
1794 3159 2135 3244 prohibiti
2193 3157 2452 3239 omitti,
2489 3156 2630 3220 nisi

379 3266 545 3348 ipsa
581 3266 704 3328 lex
738 3265 840 3328 ita
876 3266 1168 3348 publica
1206 3266 1357 3346 fiat,
1397 3269 1477 3329 ut
1511 3264 1604 3330 ad
1636 3265 2085 3330 subditorum
2142 3264 2475 3329 notitiam
2510 3263 2628 3341 de-

383 3372 662 3454 veniat,
700 3378 772 3436 et
804 3372 1028 3436 semel
1058 3372 1348 3454 cognita
1381 3372 1473 3436 ad
1500 3373 2061 3437 observantiam
2127 3371 2402 3454 adigat:
2460 3370 2631 3439 hinc

381 3498 611 3564 penes
648 3484 950 3544 cunctas
994 3484 1248 3560 gentes
1311 3479 1712 3561 publicatio
1759 3480 1947 3562 legis
2005 3479 2346 3562 religiose
2408 3481 2630 3560 atque

387 3590 748 3670 perpetuo
786 3586 1146 3648 custodita
1179 3585 1339 3665 fuit;
1382 3586 1577 3668 apud
1610 3584 1936 3652 Graecos
1969 3590 2042 3651 et
2100 3586 2461 3650 Romanos
2524 3587 2622 3648 ta-

389 3694 583 3758 bulis
617 3694 740 3758 vel
768 3694 1120 3758 columnis
1156 3694 1403 3758 aeneis
1464 3694 1666 3777 leges
1707 3713 1947 3760 novae
2002 3693 2626 3775 insculpebantur;

389 3800 587 3882 apud
621 3800 806 3864 alios
842 3802 1146 3884 populos
1184 3818 1314 3884 per
1361 3818 1768 3885 praecones
1833 3800 2426 3882 divulgabantur.
2495 3798 2628 3867 Ro-

389 3910 589 3974 mani
625 3910 846 3992 igitur
878 3910 1288 3992 Pontifices,
1330 3909 1611 3994 quibuS‚
1650 3909 1882 3976 veluti
1936 3908 2304 3991 Supremis
2368 3907 2629 3991 Magis·

385 4016 726 4098 tratibus,
768 4016 1018 4080 divina
1054 4015 1509 4080 ordinatione
1542 4014 2052 4080 demandatum
2090 4016 2201 4078 est
2239 4031 2496 4078 munus
2521 4031 2630 4078 so-

395 4122 743 4186 cietatem
776 4140 818 4186 a
846 4120 1128 4186 Christo
1194 4122 1501 4187 Domino
1550 4122 1956 4187 institutam
2020 4119 2348 4204 regendi,
2409 4118 2630 4184 adim-

385 4232 736 4314 plendam
758 4235 1104 4294 curarunt
1132 4230 1480 4312 ejusmodi
1507 4229 1994 4296 conditionem
2015 4229 2503 4298 essentialiter
2523 4246 2632 4293 re-

2387 4355 2419 4405 8
