3332 5100
1197 318 1548 383 -235-

456 462 681 534 Causa
715 470 787 532 et
821 466 1127 552 Epocha.
1167 465 1385 534 Suam
1440 470 1616 534 fecit
1672 472 2176 536 collectionem
2214 474 2507 540 saeculo

284 574 380 638 IX
410 576 785 656 pervicaci
849 575 1086 640 animo
1122 581 1196 640 et
1249 577 1698 659 iniquissimo
1756 586 2021 644 conatu
2088 582 2402 646 schisma
2435 586 2507 649 in

284 688 703 764 perpetuum
767 681 1175 747 sanctiendi
1229 683 1536 764 legibuS,
1602 686 1918 748 moribus
1986 692 2056 748 et
2122 688 2509 770 disciplina

284 788 493 868 plane
525 788 902 852 Ecclesiae
959 785 1413 853 Occidentali
1470 788 2058 872 adversantibus,
2122 794 2348 858 veluti
2400 814 2505 860 os—

282 896 577 960 tendunt
609 893 1094 960 conciliabula
1126 895 1285 977 ipso
1323 895 1505 960 duce
1532 896 1806 960 habita.

450 1002 909 1066 Monumenia.
967 998 1317 1066 Collectio
1374 1001 1610 1066 Photii
1678 1004 1838 1084 plus
1898 1004 2230 1070 minusve
2294 1006 2505 1070 docu-

279 1112 517 1174 menta
549 1108 899 1172 Trullana
931 1109 1465 1192 complectitur,
1536 1110 1988 1192 locupletata
2046 1118 2286 1176 tamen
2334 1134 2505 1178 non-

278 1216 487 1278 nullis
525 1214 1086 1298 accessionibus,
1121 1215 1490 1298 videlicet,
1530 1216 1616 1280 22
1674 1220 2070 1282 canonibus
2108 1222 2180 1282 in
2216 1220 2507 1302 Synodo

280 1320 404 1384 VII
436 1323 769 1404 generali
799 1322 1149 1404 (Nicaena
1182 1321 1279 1403 II)
1315 1324 1820 1405 promulgatis,
1860 1336 1930 1386 et
1994 1326 2070 1388 17
2110 1330 2507 1392 canonibus

278 1430 667 1512 desumptis
707 1448 799 1494 ex
825 1430 1100 1495 duobus
1125 1428 1467 1496 Conciliis
1493 1432 1584 1496 ab
1618 1434 1772 1512 ipso
1806 1434 2054 1496 Photio
2090 1436 2503 1518 celebratiS‚

276 1538 505 1600 altero
565 1538 639 1602 in
687 1537 956 1620 templo
991 1536 1110 1604 SS.
1168 1538 1710 1622 Apostolorum,
1768 1542 1998 1604 altero
2062 1544 2134 1604 in
2194 1542 2509 1608 Basilica

274 1644 585 1708 Sanctae
619 1644 956 1726 Sophiae.

452 1752 813 1816 Methodus
841 1766 912 1815 et
941 1750 1298 1817 Eaetcnsio.
1341 1750 1546 1816 Haec
1582 1754 1914 1816 collectio
1976 1756 2256 1817 ratione
2296 1756 2507 1818 docu-

272 1868 675 1922 mentorum
739 1860 929 1922 inter
992 1861 1361 1941 perfectas
1419 1860 1969 1923 annumeranda
2030 1868 2140 1924 est
2198 1866 2378 1924 etin
2423 1882 2509 1926 ea

272 1976 609 2028 servatur
645 1966 819 2030 ordo
855 1974 1285 2048 temporum,
1348 1965 1485 2029 etsi
1548 1970 1780 2048 primo
1842 1968 2000 2030 1000
2044 1970 2354 2030 concilia
2388 1988 2505 2050 ge-

270 2074 555 2134 neralia
631 2074 1072 2154 inserantur,
1140 2073 1470 2137 omnibus
1526 2074 2036 2136 Decretalibus
2112 2076 2507 2140 Pontificiis

274 2182 679 2264 expunctis

446 2290 771 2370 PhotiuS,
811 2287 1128 2370 vestigia
1168 2286 1473 2352 Joannis
1528 2290 1964 2352 Antiocheni
2026 2294 2370 2370 sectatae,
2435 2295 2509 2352 ut

272 2396 469 2478 leges
505 2398 761 2462 civiles
795 2414 955 2460 cum
1010 2395 1527 2461 ecclesiasticis
1586 2400 2034 2476 conciliaret,
2086 2400 2507 2462 Nomocano-

271 2529 416 2571 nem
456 2507 881 2587 composuit,
916 2521 1096 2587 opus
1131 2504 1422 2586 quidem
1453 2507 1962 2571 abbreviatum
1998 2515 2068 2569 et
2134 2525 2264 2587 per
2322 2507 2507 2569 ordi-

182 2681 188 2685 ,
270 2635 430 2679 nem
466 2635 707 2679 rerum
735 2617 811 2677 111
853 2613 940 2677 14
975 2614 1222 2679 titulos
1265 2626 1336 2679 et
1365 2614 1499 2677 440
1534 2617 1776 2697 capita
1806 2617 2290 2679 distributum.

444 2723 601 2785 203.
713 2723 921 2787 Valor
983 2730 1056 2787 et
1104 2723 1526 2790 Auctoritas.
1598 2729 2122 2789 Collectionuin
2192 2727 2505 2790 Graeca-

268 2847 450 2893 rum.
483 2831 967 2895 Colleetiones
996 2830 1328 2897 Graecae
1362 2833 1718 2897 hactenns
1774 2837 2208 2915 recensitae,
2244 2836 2304 2897 si
2366 2835 2505 2897 his-

270 2941 479 3003 torice
543 2927 1000 3022 spectentur,
1061 2941 1421 3004 communi
1484 2945 1838 3021 suffragio
1906 2951 2248 3023 receptae
2312 2949 2501 3025 sunt,

270 3049 539 3109 etenim
567 3049 783 3111 fateri
810 3057 1139 3112 tenemur
1167 3066 1503 3129 magnam
1526 3051 1746 3113 fuisse
1777 3053 2244 3113 collectorum
2274 3053 2505 3113 orien-

270 3155 523 3219 talium
557 3157 1036 3238 sedulitatem,
1073 3158 1463 3221 maximum
1520 3161 2024 3241 episcoporum
2078 3179 2505 3241 graecorum

270 3265 506 3329 zelum
541 3269 613 3329 in
669 3265 1138 3329 conficiendis
1194 3266 1590 3331 canonibus
1652 3269 2194 3347 ecclesiasticis,
2258 3269 2505 3329 valde-

270 3391 406 3455 que
436 3375 928 3439 universalem
979 3375 1236 3440 horum
1292 3376 1622 3441 codicum
1692 3397 1917 3459 usum,
1991 3381 2228 3459 pronti
2288 3379 2505 3441 totius

270 3485 723 3563 antiquitatis
759 3483 1060 3547 historia
1085 3482 1160 3547 in
1206 3483 1349 3547 illis
1385 3489 1680 3549 remotis
1742 3489 2156 3567 regionibus
2212 3487 2505 3549 dissitis-

270 3607 406 3671 que
444 3593 773 3655 ecclesiis
809 3598 1139 3657 testatur.

446 3697 521 3761 Si.
563 3705 803 3765 autem
865 3702 1227 3789 scientifice
1260 3702 1764 3785 inspiciantur,
1806 3705 2266 3767 distinctione
2304 3707 2503 3767 uten=

270 3805 434 3869 dum
475 3815 583 3869 est
614 3813 683 3871 et
719 3809 987 3891 duplici
1043 3809 1342 3890 regulae
1404 3813 1768 3875 standum:
1812 3813 1912 3873 15*
1944 3815 2060 3873 ubi
2118 3831 2260 3873 non
2304 3831 2505 3875 cons-

268 3919 374 3975 tat
436 3913 618 3977 haec
675 3917 1140 3979 collectiones
1222 3915 1507 3979 haeresi
1568 3921 1686 3979 vel
1770 3917 2140 3979 schismati
2220 3919 2501 3999 favere,

270 4023 581 4085 caeteris
615 4023 1168 4103 anteponendae
1201 4031 1391 4102 sunt,
1429 4031 1578 4087 tum
1616 4025 1786 4103 quia
1822 4025 2076 4103 majori
2126 4031 2507 4105 praestant

268 4135 661 4211 vetustate,
705 4141 849 4195 tum
887 4132 1104 4196 etiam
1131 4132 1302 4215 quia.
1337 4142 1800 4198 monumenta
1838 4135 2190 4197 canonica
2242 4135 2314 4197 in
2376 4135 2505 4199 lin-

268 4255 412 4317 gua
446 4241 783 4321 originali
847 4246 1062 4323 atque
1119 4241 1493 4324 primitiva
1550 4243 1916 4323 exhibent3
1986 4243 2090 4305 25¹
2150 4243 2268 4305 ubi
2334 4261 2503 4307 vero

2636 4918 2797 4977 AO<
