3332 5100
1246 331 1601 390 -175—

318 478 615 544 randum
661 478 1027 558 adjectum
1055 475 1575 558 contractibuS,
1614 492 1792 559 quos
1826 475 1981 538 sola
2043 473 2361 539 humana
2419 473 2542 536 lex

314 588 575 668 irritat,
615 584 900 650 servari
924 585 1165 667 Jussit,
1206 583 1497 667 aliaque
1523 583 1597 647 id
1628 600 1858 666 genus
1884 581 2327 664 temperavit
2376 597 2538 663 pru-

316 694 747 758 dentissimis
777 691 1196 758 canonibus,

488 800 593 864 3.⁰
689 798 865 864 Sunt
898 798 1210 881 denique
1243 797 1316 862 in
1378 797 1423 862 J
1428 815 1556 863 ure
1615 797 1940 862 Romano
2005 797 2250 879 plures
2313 795 2538 878 legee,

316 924 490 990 quae
519 906 853 970 Ecclesia
879 922 1014 969 nee
1048 905 1518 987 approbavit,
1578 921 1717 968 nec
1779 904 2249 987 improbavit,
2310 921 2544 986 neque

314 1016 615 1096 recepit,
651 1032 887 1096 neque
919 1012 1204 1094 reJecit,
1241 1013 1368 1078 sed
1395 1031 1520 1077 eas
1554 1012 1844 1077 silentio
1909 1012 2368 1096 praeterivit.
2401 1009 2544 1075 Hu-

308 1122 621 1202 jusmodi
679 1122 879 1204 leges
932 1123 1475 1206 praetermissae
1528 1139 1658 1186 seu
1710 1123 2000 1187 omissae
2055 1122 2542 1202 nuncupatae,

310 1230 521 1308 juxta
553 1230 1024 1294 Benedictum
1056 1228 1230 1294 XIV
1264 1229 1385 1311 (1),
1407 1227 1506 1292 “si
1541 1247 1696 1294 rem
1721 1233 2054 1312 spectent
2081 1230 2276 1293 mere
2310 1228 2548 1310 profa-

314 1354 507 1416 nam,
549 1354 683 1400 nee
719 1338 869 1400 ulla
901 1354 993 1400 ex
1026 1339 1238 1419 parte
1281 1337 1511 1400 saeris
1576 1337 1975 1401 canonibus
2040 1336 2544 1416 adversentur,

316 1446 537 1508 tacite
577 1446 1028 1528 approbatae
1061 1445 1402 1509 videntur
1427 1445 1501 1509 in
1537 1463 1700 1529 cap.
1734 1448 1769 1511 1
1806 1447 1887 1512 de
1934 1445 2094 1511 novi
2126 1464 2315 1528 oper.
2380 1463 2548 1507 nun-

316 1554 521 1638 ciat.„

499 1660 651 1724 154.
751 1659 1188 1741 Praeposita
1217 1659 1359 1724 hae
1397 1640 1883 1742 distinctione,
1914 1662 2062 1724 tres
2091 1658 2381 1741 regulas
2408 1660 2550 1720 tra-

318 1766 567 1830 demus
601 1766 695 1830 ad
729 1772 1005 1832 rectum
1029 1766 1072 1832 J
1078 1767 1226 1831 uris
1259 1767 1562 1831 Romani
1587 1785 1795 1832 usum
1832 1768 1907 1832 in
1940 1766 2295 1831 canoniea
2341 1765 2554 1847 jurie-

316 1876 731 1956 prudentia:

499 1980 601 2044 1.ει
693 1982 771 2046 Si
811 1982 1115 2066 quaestio
1161 1982 1254 2047 sit
1287 1982 1370 2046 de
1402 1983 1659 2067 leqibus
1700 2005 1787 2048 ex
1814 1983 1988 2048 Jure
2044 1983 2375 2069 civiliab
2426 1981 2554 2047 Ec-

320 2090 537 2154 clesia
569 2092 903 2174 susceptis
928 2096 993 2154 et
1016 2089 1442 2173 approbatis,
1470 2110 1681 2155 causa
1699 2091 2070 2175 supplendi
2095 2092 2200 2157 vel
2222 2092 2556 2175 interpre-

320 2200 537 2278 tandi,
577 2198 669 2262 acl
701 2198 833 2262 Jus
867 2198 1256 2262 Romanum
1288 2218 1650 2263 recurrere
1676 2199 1795 2284 fas
1828 2206 1950 2264 est.

497 2304 593 2368 25²-
687 2304 767 2368 Si
817 2305 1281 2369 controversia
1311 2313 1618 2369 versetur
1637 2307 1825 2371 circa
1859 2307 2037 2392 leqes
2085 2315 2430 2373 correctas
2456 2308 2558 2370 vel

320 2414 747 2496 reprobatae,
775 2412 945 2476 Jure
978 2412 1290 2478 Romano
1324 2414 1427 2477 uti
1453 2435 1588 2478 non
1636 2414 1816 2478 licet.

499 2520 609 2582 3.a
699 2518 779 2584 Si
817 2521 1106 2604 denique
1134 2520 1599 2605 applicandae
1649 2523 1791 2586 sint
1834 2522 2011 2608 leyes
2057 2522 2330 2588 silentio
2350 2541 2558 2605 prae-

324 2628 705 2707 termissae,
749 2634 871 2690 aut
902 2629 1136 2712 aqitur
1169 2627 1250 2692 de
1283 2648 1359 2692 re
1405 2634 1586 2691 mere
1612 2628 1947 2713 profana,
2004 2635 2067 2693 et
2113 2636 2272 2693 tunc
2305 2628 2438 2693 Jus
2470 2629 2558 2691 ci-

324 2735 452 2799 vile
493 2735 985 2799 consulendum
1014 2735 1176 2817 erit,·
1210 2742 1332 2799 aut
1362 2735 1444 2799 de
1502 2757 1574 2800 re
1629 2737 2121 2815 ecclesiastica,
2160 2742 2224 2799 et
2278 2742 2435 2800 tunc
2470 2735 2562 2799 ad

322 2841 735 2907 Sanctorum
789 2843 1083 2907 Patrum
1145 2842 1410 2927 scripta
1465 2843 1994 2928 confugiendum
2057 2844 2216 2923 erit;
2278 2843 2341 2906 si
2403 2864 2560 2906 vero

324 2951 565 3017 Sancti
595 2953 843 3015 Patres
879 2951 1053 3016 nihil
1087 2958 1398 3017 statuant
1431 2960 1552 3018 aut
1585 2953 1865 3017 obscure
1884 2953 2274 3037 loquantur,
2308 2952 2403 3015 ad
2432 2950 2562 3016 Jus

324 3059 671 3123 Naturale
707 3060 1203 3125 recurrendum
1238 3066 1357 3124 est.

478 4253 553 4321 (1)
625 4251 713 4307 De
739 4251 936 4323 Synod.
964 4250 1170 4319 Dioec„
1197 4250 1326 4306 Lib.
1351 4251 1456 4321 IX,
1484 4268 1605 4321 cap.
1636 4252 1720 4307 14.
