3332 5100
1628 357 1986 419 -242—

686 503 1073 588 quemdam
1086 502 1456 568 exstitisse
1489 519 1851 568 canonum
1876 504 2202 568 codicem
2228 502 2548 570 Decreta
2576 503 2931 570 Concilia-

656 610 796 698 ⁸ria
831 614 904 674 ct
937 608 1503 676 Constitutiones
1539 609 1958 674 Pontificias
1986 612 2614 692 complectentem,
2651 614 2773 694 qui
2803 632 2935 694 pus

689 717 958 782 blicam
992 716 1502 781 auctoritatem
1537 717 1872 798 obtinuit,
1910 735 2050 800 quo
2082 720 2438 800 equidem,
2470 720 2901 786 Innocentio
2913 770 2929 804 ,

691 823 977 890 Zosimo
1010 828 1084 887 et
1116 822 1362 888 Leone
1392 822 1863 889 Pontificibus
1898 823 2230 890 Ecclesia
2264 826 2590 890 Romana
2626 846 2757 892 usa
2791 832 2931 892 est.

863 930 1003 996 Pro
1037 929 1178 995 hac
1231 930 1597 997 sententia
1654 931 2236 996 constabilienda
2292 936 2717 1016 conspirant
2765 940 2937 1000 acta

689 1037 1306 1106 Chalcedonensis
1341 1035 1647 1103 Concilii
1683 1044 1756 1103 et
1785 1039 2250 1104 authenticae
2278 1040 2707 1108 Decretales
2733 1042 2935 1108 Sum-

687 1164 968 1212 morum
996 1146 1449 1212 Pontificum.
1489 1144 1581 1209 Et
1613 1163 1719 1210 re
1729 1146 2017 1228 quidem
2068 1166 2272 1230 vera,
2314 1166 2474 1214 cum
2532 1152 2604 1214 in
2640 1152 2933 1216 actione

686 1254 858 1319 XVI
893 1253 1301 1335 hujusmodi
1335 1252 1607 1336 Synodi
1643 1252 2032 1335 disputatio
2096 1260 2254 1318 orta
2310 1262 2502 1320 esset
2560 1276 2779 1340 super
2815 1278 2935 1322 ca-

690 1379 954 1425 nonem
1011 1360 1110 1426 VI
1167 1359 1472 1425 Nicaeni
1531 1357 1863 1442 Concilii‚
1924 1360 2012 1424 de
2060 1362 2342 1442 juribus
2408 1364 2937 1448 Episcoporum

690 1465 1559 1550 Constantinopolitarum
1623 1473 1696 1532 et
1757 1468 2246 1534 Romanorum
2308 1472 2775 1554 Pontificum,
2843 1474 2937 1538 ad
3045 1550 3059 1558 .

689 1593 908 1640 unum
947 1574 1286 1641 Codicem
1312 1574 1574 1657 Legati
1623 1575 2018 1671 Pontifici8‚
2074 1578 2166 1640 ad
2202 1580 2420 1642 alium
2472 1578 2739 1644 Graeci
2773 1600 2935 1664 pro-

688 1690 1072 1766 vocarunt,
1112 1686 1306 1769 quod
1335 1686 1722 1750 manifesto
1753 1692 2180 1769 argumento
2214 1694 2346 1768 est,
2378 1693 2526 1752 tam
2558 1690 2937 1754 Ecclesiae

691 1790 1073 1875 Orientali,
1132 1812 1349 1877 quam
1387 1790 1845 1859 Occidentali
1880 1812 2088 1858 suum
2126 1794 2464 1860 Codicem
2498 1798 2747 1862 fuisse.

867 1902 1287 1980 Piaeterea,
1325 1901 1394 1965 S.
1434 1900 1733 1966 Siricius
1781 1864 2130 1966 'Pontifex
2164 1904 2238 1966 in
2272 1902 2602 1984 Epistola
2638 1906 2731 1968 ad
2765 1906 2937 1970 Hic·
2993 1958 2997 1962 .

691 2008 995 2073 merium
1031 2008 1471 2090 Episcopum
1528 2008 2156 2074 Tarraconensem
2214 2010 2450 2092 ipsum
2502 2012 2803 2076 hortans
2843 2014 2941 2078 ad

691 2114 1095 2182 servandos
1154 2132 1499 2195 canones,
1562 2119 1637 2179 et
1672 2115 1983 2179 tenenda
2036 2116 2454 2180 Decretalia
2514 2120 2935 2204 constituta,

691 2223 1113 2306 generalem
1148 2222 1350 2286 illam
1386 2227 1458 2286 et
1489 2222 1955 2287 scitissimam
2006 2226 2444 2288 sententiam
2480 2228 2667 2290 tulit:
2705 2228 2938 2292 Stata-

697 2339 767 2398 ta
805 2331 1006 2397 Sedis
1032 2329 1469 2414 Apostolieae
1505 2331 1614 2395 vel
1639 2351 1977 2395 canonum
2002 2336 2428 2398 venerabilia
2456 2336 2733 2418 definita
2761 2338 2941 2402 nulli

692 2440 1145 2506 Sacerdotum
1177 2439 1467 2503 Domini
1501 2439 1825 2523 iqnorare
1886 2441 1981 2503 sit
2024 2442 2314 2504 liberam
2350 2442 2470 2520 (1).
2424 2440 2721 2520 )Quod
2755 2444 2937 2506 frus-

693 2552 808 2613 tra
865 2546 1204 2612 Pontifex
1247 2546 1607 2628 jussisset,
1671 2546 1811 2611 nisi
1868 2543 2114 2611 Codex
2166 2551 2240 2611 in
2278 2556 2617 2631 promptu
2652 2551 2935 2633 fuisset,

695 2672 787 2720 cx
818 2673 957 2738 quo
993 2653 1425 2720 Sacerdotes
1461 2671 1839 2718 sacrorum
1874 2672 2234 2726 canonum
2274 2657 2610 2721 notitiam
2644 2659 2937 2721 haurIre

696 2760 1123 2843 potuissent.

882 2868 1206 2933 Tandem
1233 2866 1302 2932 S.
1327 2866 1474 2931 Leo
1501 2866 1808 2948 Magnus
1836 2866 1910 2930 in
1935 2868 2162 2931 variis
2190 2887 2480 2931 suorum
2518 2887 2815 2951 operum
2837 2871 2939 2935 lo-

695 2975 800 3040 cis
823 2974 917 3057 (2)
938 2977 1292 3051 memorat
1314 2972 1737 3037 Decretalia
1754 2972 2126 3037 constituta
2152 2975 2606 3045 Decessorum
2626 2995 2941 3059 suerum,

695 3099 884 3166 quae
918 3080 1394 3165 proculdubio
1445 3097 1580 3162 pro
1636 3080 1862 3143 nihilo
1898 3079 2342 3145 haberentur
2370 3083 2444 3145 in
2470 3101 2550 3147 re
2586 3085 2943 3147 canonica

696 3194 771 3254 et
801 3187 1280 3270 disciplinari,
1312 3187 1453 3251 nisi
1486 3187 1706 3251 facile
1732 3187 1988 3251 fuisset
2024 3189 2352 3253 omnibus
2380 3191 2538 3271 ipsa
2572 3193 2946 3257 constituta

693 3296 1076 3361 Pontificia
1111 3295 1493 3360 consulere
1552 3295 1733 3359 etin
1787 3295 2124 3377 medium,
2166 3297 2336 3361 data
2396 3301 2779 3363 occasione
2819 3301 2945 3365 vel

698 3406 1010 3485 urgente
1042 3401 1513 3483 necessitate,
1553 3403 1886 3484 proferre
1920 3402 2038 3488 (3).

876 3508 1032 3574 212.
1132 3506 1480 3574 Collectio
1514 3510 1976 3595 Dionysiana.
2002 3511 2418 3593 Dionysiae,
2448 3513 2743 3577 natione
2769 3511 2943 3597 Scy-

696 3617 847 3701 tha,
910 3618 1369 3701 professione
1423 3617 1848 3699 monachus‚
1904 3619 2222 3683 moribus
2284 3623 2354 3683 et
2410 3619 2773 3685 domicilio
2811 3621 2947 3685 Ro-

837 3908 914 3974 (1)
989 3906 1170 3973 Epist.
1197 3905 1227 3958 I
1249 3902 1325 3959 ad
1345 3903 1586 3959 Hiemer.
1623 3903 1922 3960 Tarracon.

838 3983 914 4045 (2)
985 3975 1167 4045 Epist.
1195 3980 1246 4041 4,
1267 3993 1383 4045 cap.
1409 3981 1461 4032 5.
1502 3994 1623 4045 opp.
1649 3976 1798 4031 Tom.
1825 3978 1871 4044 I,
1898 3975 2024 4031 edit.
2062 3975 2244 4031 Venet.
2282 3977 2432 4031 1753.

835 4050 914 4117 (3)
988 4048 1329 4112 Qucsuellus
1369 4048 1431 4101 in
1472 4048 1765 4117 appendice
1812 4065 2032 4117 operum
2088 4049 2146 4101 S.
2198 4047 2398 4103 Leonis
2446 4048 2642 4119 Magni
2669 4049 2945 4105 Codicem

691 4120 943 4189 protulit,
965 4137 1076 4187 quo
1105 4120 1416 4173 Romanam
1441 4121 1756 4173 Ecclesiam
1778 4126 1909 4173 ante
1949 4120 2280 4187 Dionysium
2314 4123 2596 4187 Exiguum
2618 4139 2779 4175 usam
2809 4139 2943 4177 esse

690 4193 999 4256 contendit;
1021 4193 1126 4246 sed
1149 4193 1283 4245 huic
1310 4192 1503 4246 Codici
1529 4208 1634 4246 nec
1657 4193 1981 4261 auctoritas,
2014 4209 2118 4247 nec
2149 4193 2292 4247 fides
2324 4197 2438 4247 ulla
2484 4195 2554 4247 ab
2582 4195 2817 4249 cruditis
2847 4199 2941 4247 tri-

696 4264 836 4318 buta
863 4268 967 4318 est.
