3332 5100
1251 375 1606 434 -151-

319 521 550 584 latura
568 521 896 607 justitiae
924 537 1084 584 cum
1122 520 1394 584 actuali
1426 519 1727 584 servitio
1780 522 1853 584 et
1885 518 2122 583 officio
2159 518 2550 600 conjuncta

319 629 444 707 est,
483 629 554 689 et
589 625 896 690 obtineri
933 627 1203 708 nequit,
1260 625 1399 690 nisi
1456 626 1772 690 servatis
1824 625 2252 709 quibusdam
2308 625 2547 690 condi·

316 733 646 814 tionibus3
685 733 1092 814 hujusmodi
1149 735 1646 816 praelaturam
1705 733 2050 815 consequi
2088 733 2341 798 valent
2405 749 2551 797 non

317 841 536 904 solum
563 842 819 925 sinquli
878 842 1370 922 quamplureS,
1429 841 1533 904 uti
1583 840 2083 923 Patriarchae‚
2137 839 2548 922 Archiepis-

317 950 496 1031 copi,
557 948 900 1030 Episcopi
961 949 1230 1014 Romae
1287 949 1719 1031 residente8‚
1778 949 2076 1031 aliique,
2141 948 2271 1012 sed
2332 949 2551 1014 etiam

315 1055 598 1138 integra
651 1057 955 1141 coaequa,
1016 1056 1466 1138 potissimum
1524 1073 1701 1121 vero
1770 1053 2146 1122 Auditor-es
2202 1057 2421 1121 Rotae
2478 1066 2553 1120 et

316 1163 784 1229 Protonotarii
849 1163 1238 1247 apostolici.-
1285 1162 1714 1245 praelatura
1767 1163 2039 1247 qratiae
2100 1179 2189 1226 ea
2259 1162 2549 1244 dicitur,

320 1285 496 1350 quae
531 1289 576 1332 a
610 1268 896 1334 Summo
930 1268 1282 1332 Pontifice
1318 1269 1769 1349 conceditur,
1808 1274 1956 1334 tum
2016 1270 2103 1334 iis
2138 1269 2260 1352 qui
2312 1287 2390 1334 se
2424 1267 2551 1334 Gu-

316 1377 462 1440 riae
494 1393 844 1440 romanae
879 1375 1246 1457 addicunt,
1285 1379 1434 1440 tum
1472 1377 1692 1441 etiam
1727 1378 1997 1442 exteris
2030 1378 2217 1442 bene
2276 1376 2553 1442 meritis

317 1482 694 1565 Episcopis
723 1485 849 1546 aut
884 1482 1047 1546 aliis
1077 1483 1390 1566 clericiS,
1455 1502 1634 1566 quos
1672 1485 1945 1567 passim
1979 1485 2361 1567 insignitos
2390 1501 2554 1548 con-

316 1589 653 1671 spicimus
688 1589 895 1653 titulo
953 1590 1077 1653 vel
1130 1590 1467 1676 Episcopi
1527 1594 1703 1658 solio
1724 1593 2083 1679 pontificio
2146 1592 2553 1671 assistentis,

317 1696 431 1760 vel
461 1697 780 1762 Praelati
815 1697 1166 1762 domestici
1200 1700 1357 1762 sive
1427 1696 1815 1765 Camerarii
1850 1699 2112 1780 secreti,
2164 1698 2289 1762 vel
2319 1695 2557 1781 Capel-

317 1804 456 1868 lani
501 1803 688 1869 Suae
721 1803 1149 1870 Sanctitatia
1217 1805 1321 1870 3.⁰
1378 1805 1693 1874 Curiales
1729 1808 2089 1873 communi
2141 1807 2555 1872 denomina-

317 1913 504 1977 tione
541 1917 904 1978 vocantur
965 1913 1018 1976 ii
1078 1931 1324 1978 omnes
1383 1916 1504 1998 qui
1560 1917 1634 1980 in
1700 1916 2097 1980 minoribus
2162 1915 2419 1980 officiis
2482 1914 2558 1978 in

319 2018 526 2085 Curia
566 2037 864 2102 operam
898 2025 1280 2103 praestant
1326 2024 1447 2087 vel
1500 2023 1889 2106 stabiliter,
1958 2024 2080 2088 vel
2129 2023 2225 2087 ad
2288 2023 2557 2088 instan-

317 2129 484 2192 tiam
537 2129 882 2210 partium,
949 2128 1350 2209 quusmodi
1418 2136 1584 2195 sunt
1637 2132 1981 2215 advocati,
2040 2137 2555 2216 procuratores,

321 2237 771 2321 empeditores‚
807 2236 1292 2304 sollicitatores
1324 2241 1398 2302 et
1428 2246 1725 2322 aqeutes,

492 2342 646 2408 129.
745 2343 1170 2407 Tribunalia
1205 2342 1466 2410 Curiae
1502 2362 1850 2410 romanae
1886 2349 2075 2408 sunt:
2121 2344 2419 2430 Colleyia
2450 2345 2559 2431 fa-

321 2451 685 2541 cultatibus
717 2452 1116 2534 apostolicis
1151 2454 1420 2517 munita
1477 2453 1570 2518 ad
1603 2473 1853 2519 causas
1900 2452 2399 2518 ecclesiasticas
2456 2451 2558 2515 cli-

320 2559 688 2640 rimendas‚
745 2560 1016 2643 qratiae
1062 2563 1465 2648 pontificias
1512 2564 1978 2646 eoepedie-ndas
2033 2569 2097 2627 et
2142 2562 2561 2646 multiplicia

322 2668 586 2751 neqotia
622 2666 1045 2731 moderanda
1071 2676 1272 2751 atque
1305 2670 1652 2736 solvenda.
1689 2670 1860 2735 Post
1910 2669 2291 2733 ulteriores
2343 2668 2560 2733 modi·

319 2772 696 2837 ficationes
731 2791 774 2835 a
809 2772 1206 2839 Benedicto
1242 2775 1413 2840 XIV
1447 2778 1807 2860 inductae,
1847 2778 2241 2841 tribunalia
2275 2778 2348 2841 in
2382 2776 2562 2841 duas

321 2878 682 2942 sectiones
718 2878 1052 2943 distribui
1087 2881 1348 2962 solent;
1388 2883 1624 2947 altera
1674 2884 1802 2949 illa
1837 2885 2148 2967 collegia
2205 2883 2561 2967 complec-

322 2988 515 3071 titur,
589 3006 776 3071 quae
833 2987 1121 3054 Curiam
1177 2992 1491 3067 iustitiae
1547 2993 2020 3073 constituunt;
2090 2993 2327 3057 altera
2384 3007 2562 3056 vero

325 3114 429 3180 ea,
468 3116 658 3181 quae
695 3096 982 3162 Curiam
1015 3101 1284 3184 qratiae
1312 3100 1658 3165 efficiunt.

497 3204 718 3269 Curia
735 3207 1060 3292 justitiae
1095 3208 1326 3271 tribus
1359 3207 1848 3272 tribunalibus
1908 3211 2219 3291 constat,
2274 3208 2561 3291 nempe,

325 3311 540 3377 Sacra
581 3313 766 3378 Rota
799 3317 872 3377 et
903 3320 1194 3398 atraque
1227 3313 1626 3399 Simmiam,
1662 3319 1811 3379 tum
1834 3316 2184 3400 justitiae,
2226 3325 2375 3379 tum
2408 3336 2565 3400 qra-

325 3420 480 3484 tiae:
517 3416 738 3484 Curia
775 3420 1044 3505 qratiae
1110 3437 1203 3484 ex
1261 3422 1576 3503 quinque
1639 3420 2125 3484 tribunalibus
2187 3420 2562 3503 coalescit,

325 3527 692 3608 videlicet,
723 3524 1158 3593 Cancellaria
1213 3529 1621 3611 apostolica,
1684 3524 1993 3610 Camerti,
2043 3526 2267 3594 Sacra
2324 3529 2565 3594 Poeni-

327 3636 679 3716 tentiaria,
715 3635 1050 3716 Dataria,
1089 3636 1162 3697 et
1195 3632 1590 3699 Secretaria
1622 3635 2029 3718 apostoliea.

501 3728 727 3807 Sacra
757 3743 940 3807 Rota
973 3745 1082 3806 est
1114 3758 1530 3823 supremum
1584 3741 1906 3805 tribunal
1956 3758 2084 3805 seu
2134 3739 2569 3804 auditorium

329 3849 728 3914 institutum
765 3850 856 3913 ad
894 3848 1332 3913 dirimendas
1357 3848 1432 3912 in
1467 3849 1699 3912 forma
1742 3847 2072 3929 judiciali
2112 3864 2371 3911 causas
2407 3864 2568 3911 con-

331 3959 704 4023 tentiosas:
744 3957 1095 4040 ejusmodi
1124 3976 1388 4022 nomen
1423 3957 1775 4038 originem
1843 3955 2040 4020 ducit
2088 3973 2179 4019 ex
2235 3972 2319 4019 eo
2381 3953 2573 4037 quod

332 4063 702 4131 Auditores
734 4068 973 4148 Rotae,
1028 4066 1101 4130 in
1161 4066 1409 4130 orbem
1465 4064 1830 4145 sedenteS,
1869 4061 2411 4128 controversias
2463 4080 2574 4126 ro-

335 4176 490 4239 tant
526 4182 744 4257 atque
780 4174 1232 4239 examinant.

509 4282 887 4371 Siqnatara
905 4283 1232 4371 justitiae
1269 4282 1380 4345 est
1412 4278 1773 4362 quoddam
1808 4296 2217 4361 supremum
2252 4275 2575 4342 tribunal
