3332 5100
1276 364 1628 422 -233—

511 508 735 574 Paulo
790 512 954 592 post
1008 510 1308 574 evectus
1370 508 1691 574 Joannes
1757 526 1893 592 ope
1945 506 2419 590 Imperatoris
2481 506 2573 572 ad

340 616 852 700 Episcopatum
922 616 1803 698 Constantinopolitanum
1871 616 2289 698 imperiales
2353 616 2571 680 etiam

336 726 533 806 leges
561 726 992 806 praesertim
1030 744 1120 788 ex
1160 724 1422 788 Codice
1478 742 1564 788 ac
1614 724 1941 788 Novellis
1995 724 2387 788 Justiniani
2455 724 2569 788 de-

336 842 731 914 promptae,
771 836 1064 896 servato
1118 838 1360 896 tamen
1416 832 1671 894 eodem
1729 832 1981 894 ordine
2043 850 2307 912 rerum,
2337 832 2571 896 codici

336 958 378 1002 a
408 958 487 1004 se
523 940 920 1022 composito
960 938 1240 1018 dejure
1290 938 1793 1002 ecclesiastico
1863 938 2155 1018 adjecit,
2215 938 2403 1002 unde
2462 956 2569 1002 or-

334 1052 487 1112 tum
551 1046 804 1110 habuit
858 1046 1130 1128 primus
1186 1046 1630 1110 Nomocanon
1681 1062 1809 1108 seu
1871 1046 2231 1128 collecti0‚
2293 1046 2365 1110 in
2430 1064 2573 1128 qua

336 1172 655 1218 canones
723 1152 1202 1218 ecclesiastici
1266 1170 1428 1216 cum
1490 1152 1773 1234 legibus
1852 1152 2189 1218 civilibus
2277 1154 2571 1234 conjun-

334 1264 623 1342 guntur.

511 1364 1120 1430 Animadvertere
1156 1368 1444 1448 oportet
1476 1366 2067 1428 Nomocanonem
2099 1364 2141 1428 J
2149 1364 2403 1428 oannis
2431 1364 2573 1428 An-

332 1472 725 1536 tiochensis
765 1474 964 1554 leges
1000 1476 1072 1536 et
1108 1472 1406 1536 decreta
1432 1472 1826 1536 Justiniani
1881 1472 2169 1552 integra
2217 1472 2571 1554 complec-

332 1580 408 1660 ti,
449 1598 769 1643 canones
804 1596 980 1644 vero
1044 1582 1116 1642 et
1180 1580 1472 1660 regulas
1538 1578 2085 1642 ecclesiasticae
2143 1578 2573 1660 disciplinae

332 1690 613 1750 tantum
675 1686 750 1748 in
806 1686 1334 1766 compendium,
1402 1686 1592 1766 quod
1658 1684 2039 1750 evidenter
2125 1686 2575 1748 demonstrat

332 1793 802 1856 collectorem
853 1792 926 1856 in
978 1798 1218 1856 mente
1268 1792 1608 1854 habuisse
1665 1790 2105 1874 Imperatori
2161 1792 2575 1856 adblandiri

332 1898 637 1980 ejusque
671 1898 986 1980 gratiam
1054 1898 1344 1980 assequi
1412 1898 1534 1962 vel
1590 1898 1745 1978 jam
1809 1906 2189 1980 acceptam
2255 1900 2573 1962 retinere

334 2006 424 2068 ad
465 2006 908 2068 servandam
938 2006 1180 2068 sedem
1216 2012 1660 2088 usurpatam.
2323 2084 2325 2086 ,

422 2154 435 2168 2
509 2112 665 2174 201.
763 2111 1114 2176 Collectio
1157 2114 1520 2177 Trulbana.
1562 2110 1911 2176 Collectio
1983 2112 2323 2176 Trullana
2381 2112 2575 2174 dicta

330 2236 416 2282 ea
449 2224 587 2300 est,
625 2236 810 2300 quae
838 2238 882 2282 a
918 2218 1220 2284 Graecis
1256 2220 1376 2284 vel
1410 2220 1745 2282 confecta
1781 2220 1903 2283 vel
1965 2220 2375 2300 approbata
2440 2218 2575 2282 fuit

328 2326 402 2390 in
439 2328 751 2390 concilio
804 2326 1176 2390 Trullano:
1232 2328 1584 2408 ejusmodi
1634 2326 1989 2408 SynodUS,
2051 2344 2237 2409 quae
2297 2326 2573 2390 Latinis

332 2434 894 2498 conciliabulum
942 2440 1076 2514 est,
1114 2434 1252 2498 hoo
1292 2434 1580 2498 nomine
1616 2434 2033 2516 appellatur
2063 2452 2105 2496 a
2155 2434 2427 2514 Trullo,
2467 2450 2573 2496 se-

330 2542 649 2606 cretario
687 2543 946 2622 palatii
1002 2541 1813 2625 Constantinopolitani,
1873 2543 1993 2605 ubi
2055 2541 2373 2605 habitum
2409 2541 2569 2621 fuit-‚3

330 2648 599 2712 dicitur
635 2648 852 2711 etiam
894 2647 1328 2731 Qu-iniseaeta,
1390 2649 1580 2731 quod
1616 2649 1771 2729 ejus
1807 2647 2189 2711 Praesules
2237 2649 2449 2711 editis
2485 2649 2572 2715 de

330 2754 721 2837 disciplina
749 2759 1144 2821 canonibus
1178 2757 1520 2839 supplere
1574 2759 1965 2821 voluerunt
2001 2759 2325 2821 defectus
2359 2775 2573 2839 gene-

328 2865 599 2927 ralium
635 2863 1120 2929 Conciliorum
1176 2865 1236 2931 V
1276 2871 1346 2929 01
1380 2865 1478 2929 VI
1516 2865 1604 2929 de
1673 2865 2009 2947 dogmate
2043 2871 2323 2929 tantum
2357 2885 2573 2949 agen-

330 2971 537 3035 tium.

519 3077 747 3145 Causa
774 3081 844 3141 et
876 3079 1184 3163 Epocka.
1244 3079 1448 3143 Haec
1502 3079 1839 3143 collectio
1899 3081 2191 3145 saeculo
2247 3079 2383 3143 VII
2445 3083 2571 3143 exss

332 3191 549 3251 eunte
597 3185 781 3269 (692)
816 3207 856 3249 a
920 3185 1256 3249 Patribus
1310 3187 1673 3251 Trullanis
1731 3187 2113 3251 elaborata
2167 3193 2277 3251 est
2327 3187 2569 3251 animo

334 3295 535 3357 viam
571 3293 942 3357 sternendi
980 3295 1070 3357 ad
1102 3295 1376 3357 chisma
1430 3297 1811 3377 orientale,
1853 3295 2043 3377 quod
2085 3297 2239 3375 jam
2275 3295 2569 3359 saeculo

336 3397 394 3463 V
431 3399 858 3465 imminebat
884 3403 1072 3465 inter
1100 3403 1498 3466 Romanum
1526 3403 1947 3467 Pontificem
1973 3413 2045 3467 et
2071 3403 2573 3467 Patriarcham

336 3503 1218 3589 Constantinopolitanum
1286 3511 1386 3573 uti
1418 3511 1673 3592 aperte
1709 3513 2075 3591 colligitur
2129 3529 2221 3575 ex
2257 3529 2339 3575 eo
2379 3509 2569 3591 quod

334 3613 679 3695 expuncti
739 3619 904 3677 sunt
958 3539 1275 3743 canon!
1300 3615 1773 3698 Sardio-enses,
1823 3617 1897 3681 111
1947 3617 2203 3699 quibus
2237 3617 2569 3679 admitte-

332 3721 599 3783 bantur
655 3723 1187 3803 appellationes
1254 3723 1350 3785 ad
1404 3723 1803 3787 Romanum
1857 3725 2303 3805 Pontificem,
2343 3727 2563 3805 atque

332 3847 581 3895 eorum
615 3833 777 3897 1000
814 3833 1156 3897 recensiti
1188 3835 1392 3897 fuere
1452 3855 1745 3899 canones
1777 3831 2129 3917 Africani,
2165 3831 2355 3895 inter
2389 3845 2571 3911 quos

334 3939 1136 4019 comprehendebantur
1172 3941 1390 4003 etiam
1462 3959 1777 4003 canones
1813 3939 1881 4003 S.
1925 3939 2297 4021 Cypriani,
2337 3939 2457 4019 qui
2491 3937 2567 4001 in

334 4047 836 4111 controversia
870 4047 958 4111 de
992 4047 1428 4129 baptismate
1466 4049 1556 4111 ab
1594 4047 1983 4111 haereticis
2041 4047 2307 4111 collato
2345 4065 2389 4109 a
2421 4043 2571 4109 Ste-

332 4153 573 4237 phano
607 4155 808 4239 Papa
836 4157 1336 4223 dissentiebat.

511 4267 974 4333 Monumenta.
1018 4265 1400 4353 Collectio,
1438 4269 1528 4333 de
1564 4287 1707 4353 qua
1747 4267 2133 4353 loquimur,
2163 4267 2375 4349 juxta
2409 4285 2571 4351 pro-
