3332 5100
1743 297 2105 354 -190-

804 443 1260 526 quaestionis
1288 441 1722 505 solutionem
1776 440 2394 522 praemonendum
2450 448 2564 504 est
2608 444 3054 524 interpreta-

806 551 1082 614 tionem
1118 557 1195 614 et
1222 550 1734 614 rescissionem
1787 550 2378 628 conventionum,
2416 568 2606 632 quae
2637 552 2829 616 inter
2865 556 3051 620 duas

804 658 1199 723 societates
1229 658 1456 722 initae
1488 664 1684 737 sunt,
1718 657 1899 720 fieri.
1930 674 2080 719 non
2112 660 2322 720 secus
2356 676 2444 720 ac
2478 658 2554 720 in
2584 662 3051 740 pactionibus

802 765 1290 849 privatorum,
1338 766 1467 829 vel
1516 773 1754 830 mtto
1802 765 2126 848 partium
2184 786 2538 846 consensu,
2602 768 2725 828 vel
2781 770 3049 848 iudicio

801 872 1133 959 leqitimo.

981 979 1057 1045 Si
1086 981 1506 1059 societates,
1554 981 1749 1044 inter
1802 998 1989 1063 quas
2014 982 2404 1044 conventio
2460 982 2658 1042 facta
2698 986 2835 1062 est,
2899 982 3049 1044 sint

805 1089 1096 1154 omnino
1136 1089 1331 1152 inter
1356 1106 1435 1152 se
1461 1087 2064 1169 independentoe,
2089 1107 2240 1151 non
2264 1088 2402 1150 nisi
2446 1098 2678 1152 mutuo
2715 1110 3051 1154 consensu

804 1196 1226 1261 authentica
1258 1195 1585 1274 ejusdem
1616 1196 2124 1259 conventionis
2158 1198 2694 1276 interpretatio,
2751 1204 2877 1260 aut
2939 1216 3049 1260 re-

803 1303 1059 1368 scissio
1083 1303 1243 1366 fieri
1260 1302 1501 1383 debet,
1529 1304 1795 1366 etenim
1826 1304 2152 1366 nullaest
2178 1304 2512 1382 superior
2546 1304 2803 1366 altera.
2843 1304 2917 1366 Si
2947 1306 3049 1366 al-

804 1415 1082 1473 terutra
1118 1409 1214 1472 ab
1238 1409 1478 1472 altera
1501 1408 1914 1490 dependeat
1944 1410 2104 1472 sive
2136 1412 2400 1472 ratione
2428 1412 2560 1488 sui,
2580 1411 2739 1472 sive
2776 1412 3049 1474 rat-ione

805 1518 940 1596 rei,
972 1515 1063 1579 de
1120 1533 1265 1598 qua
1312 1494 1585 1598 agitur,
1637 1514 1929 1597 quando
1990 1530 2274 1578 mutuus
2336 1534 2733 1578 consensus
2791 1516 3053 1580 haberi

803 1622 1084 1705 nequit,
1118 1623 1399 1710 judicio
1429 1625 1788 1687 societatis
1829 1626 2216 1706 superioris
2266 1624 2590 1686 standum
2641 1632 2762 1686 est:
2797 1642 2937 1706 quo
2973 1624 3053 1686 in

797 1730 1102 1812 jndicio,
1138 1731 1200 1793 si
1234 1729 1325 1794 de
1363 1729 1802 1794 rescissione
1858 1740 2148 1812 agatur,
2208 1732 2600 1794 videndum
2638 1738 2771 1812 est,
2813 1740 3052 1794 utrum

805 1837 895 1902 dc
929 1839 1322 1920 privilegio
1378 1859 1665 1903 oneroso
1730 1855 1850 1900 res
1898 1839 2019 1917 sit;
2056 1840 2246 1902 enim
2292 1838 2428 1902 hoc
2462 1840 2538 1900 in
2574 1856 2749 1900 casu
2801 1840 2903 1900 ita
2939 1856 3049 1902 re-

803 1946 1058 2009 scissio
1091 1944 1557 2009 decernenda
1590 1946 1755 2026 erit,
1799 1954 1876 2009 ut
1909 1946 1984 2010 id
2015 1948 2208 2029 quod
2246 1966 2288 2008 a
2344 1948 2694 2010 societate
2731 1946 2853 2010 vel
2887 1964 3049 2028 per-

803 2069 986 2116 sona
1017 2052 1307 2116 subdita
1332 2053 1679 2117 collatum
1716 2054 1987 2136 fuerat,
2023 2056 2478 2134 restituatur,
2516 2064 2640 2117 aut
2684 2054 2777 2116 ad
2803 2056 3049 2136 aequi-

803 2159 978 2224 tatis
1029 2177 1360 2223 normam
1423 2168 1960 2243 compensetur;
2028 2162 2170 2225 nisi
2234 2164 2435 2226 forte
2494 2160 2690 2226 aliud
2757 2162 3049 2224 omnino

803 2265 1073 2331 bonum
1105 2266 1476 2349 publicum
1507 2267 1949 2350 expostulet.

984 2374 1136 2439 168.
1232 2374 1391 2440 Hac
1415 2393 1636 2459 super
1665 2394 1749 2440 re
1775 2375 2067 2440 servari
2114 2376 2379 2438 debent
2412 2376 2789 2458 sequentia
2853 2378 3049 2458 prin-

805 2483 999 2566 cipia
1031 2500 1161 2546 seu
1194 2483 1496 2567 regulae
1530 2501 1629 2548 ex
1685 2484 1853 2566 jure
1910 2483 2462 2548 intemationali
2518 2484 2941 2567 desumptae
2975 2490 3051 2549 et

804 2590 898 2655 ab
932 2591 1261 2655 omnibus
1293 2592 1925 2656 indiscriminatim
1963 2592 2348 2655 admissae.

984 2699 1088 2763 1.⁸
1177 2698 1253 2763 Si
1284 2700 1443 2782 quis
1475 2699 1828 2782 Princeps
1886 2703 2432 2765 concessionem
2482 2703 2801 2785 aliquam
2859 2703 3047 2767 fece-

802 2805 899 2871 rit
931 2807 1266 2871 societati
1295 2807 1419 2871 vel
1451 2824 1815 2889 personae
1839 2810 2236 2873 nullatenus
2268 2811 2600 2889 subditae,
2650 2827 2885 2891 neque
2933 2831 3047 2873 ra-

804 2916 984 2981 tione
1015 2917 1127 2980 sui
1160 2914 1357 2997 (quia
1384 2915 1477 2978 ad
1510 2916 1882 2978 nationem
1915 2915 2222 2979 liberam
2286 2925 2502 2997 atque
2562 2917 3051 2999 independen-

802 3025 948 3085 tem
983 3022 1405 3104 pertineat),
1440 3040 1680 3105 neque
1704 3025 1976 3087 ratione
2010 3025 2138 3103 rei,
2196 3023 2284 3085 de
2342 3043 2486 3105 qua
2550 3027 2787 3105 agitur
2851 3025 3049 3107 (quia

803 3146 921 3193 res
953 3146 1301 3193 concessa
1327 3130 1481 3210 jam
1515 3131 1658 3193 sita
1690 3130 1785 3193 sit
1816 3136 2030 3193 extra
2085 3131 2584 3213 territorium),
2650 3131 2845 3213 apud
2907 3151 3047 3195 om-

803 3253 932 3299 nes
967 3237 1301 3299 nationes
1336 3242 1615 3301 certum
1647 3236 1959 3301 habetur
2008 3239 2338 3301 eumdem
2406 3259 2552 3303 non
2620 3259 2837 3321 posse
2903 3259 3047 3303 am-

803 3343 994 3425 plius
1027 3345 1571 3409 concessionem
1609 3364 1651 3408 a
1687 3362 1765 3407 se
1800 3345 2071 3409 fac-tam
2108 3365 2236 3409 suo
2274 3347 2572 3409 arbitrio
2630 3365 2719 3409 ac
2775 3347 3045 3429 judicio

803 3468 1184 3534 revocare,
1214 3460 1342 3518 aut
1367 3455 1919 3536 interpretando
1978 3455 2362 3518 moderari.
2430 3455 2640 3517 Ratio
2690 3459 2825 3535 cst,
2881 3455 3045 3537 quia

797 3559 1146 3641 judicium
1181 3579 1314 3625 sua
1340 3562 1782 3625 auctoritate
1808 3562 2003 3626 ferre
2060 3569 2169 3626 est
2226 3567 2430 3625 actus
2488 3563 3041 3643 jurisdictioniS,

806 3685 951 3750 qua
985 3668 1318 3752 equidem
1355 3674 1560 3733 caret
1591 3670 1666 3733 in
1700 3687 2089 3751 personam
2122 3689 2268 3733 non
2302 3671 2688 3733 subditam.

983 3774 1089 3839 2.0
1180 3775 1254 3840 Si
1308 3776 1657 3859 Princeps
1715 3778 2048 3841 societati
2114 3779 2236 3841 vel
2296 3795 2658 3859 personae
2713 3777 2845 3841 sibi
2899 3777 3047 3839 sub-

805 3881 992 3947 ditae
1026 3882 1416 3965 privilegia
1480 3885 1949 3965 concesserit,
2015 3902 2372 3949 revocare
2444 3889 2514 3947 et
2580 3885 3047 3965 interpretari

804 3987 943 4070 ipsi
976 3988 1295 4072 Principi
1329 3992 1697 4073 competit,
1739 3992 2174 4074 praesertim
2232 4009 2392 4055 cum
2456 3991 2849 4073 privilegia
2907 3991 3049 4053 sint

801 4096 1137 4181 qratuita;
1171 4096 1709 4163 interveniente
1747 4117 1923 4163 vero
1978 4116 2196 4161 causa
2236 4097 2550 4179 publica,
2612 4115 2757 4159 non
2817 4097 3049 4159 solum

806 4205 1065 4286 potest,
1103 4203 1233 4269 sed
1266 4206 1484 4271 etiam
1519 4207 1736 4271 debet
1763 4206 1891 4269 illa
1925 4223 2304 4285 revocare,
2368 4207 2438 4269 et
2510 4205 2608 4268 ita
2680 4223 2827 4267 non
2885 4205 3049 4267 raro

806 4307 1079 4373 factum
1100 4313 1231 4375 est.
