3332 5100
1270 328 1583 387 ...63-

315 473 748 537 violabilibus
781 480 943 537 sunt
967 475 1115 560 fixa
1148 474 1459 554 decretis,
1510 474 2016 539 observantiam
2063 481 2329 540 vestrae
2365 497 2555 539 sanc-

315 583 534 645 titatis
566 581 916 662 admoneo,
950 588 1026 645 ut
1043 583 1221 667 jura
1256 580 1748 663 Ecclesiarum,
1776 582 1952 647 sicut
1986 582 2239 647 abillis
2268 587 2401 647 318
2427 587 2555 647 Pa-

315 690 530 751 tribus
590 689 923 752 divinitus
955 689 1324 773 inspiratis
1355 697 1514 754 sunt
1546 690 1894 771 ordinata,
1951 701 2407 774 permanea-'m‘
2437 693 2553 769 (l).

490 795 596 857 54.
692 795 799 858 De
827 794 1361 860 conditionibus
1396 795 1488 860 ad
1507 804 1787 861 rectam
1817 796 2271 879 Disciplinae
2309 799 2557 861 Eucle-

313 893 654 963 siasticae
694 901 1163 965 mutationem
1197 901 1566 985 requisitis
1601 918 1980 984 perpauca
2047 901 2553 983 delibabinms,

311 1025 401 1071 ne
438 1025 674 1071 sermo
712 1007 1183 1089 protrahatur
1208 1008 1371 1091 plus
1400 1025 1618 1091 quam
1653 1008 1920 1073 limites
1947 1008 2158 1091 hujus
2187 1010 2555 1073 tractatio-

311 1115 422 1177 nis
450 1115 858 1197 patiuntur.

494 1221 690 1299 Tria,
754 1223 969 1303 juxta
1017 1220 1333 1285 omnium
1392 1240 1850 1303 consensum,
1920 1221 2447 1303 desiderantur,
2487 1227 2559 1285 ut

313 1329 688 1411 quaelibet
724 1328 1213 1411 disciplinaris
1246 1330 1563 1395 variatio
1600 1330 1740 1395 rite
1778 1334 1999 1413 atque
2053 1331 2403 1393 canonice
2443 1351 2557 1411 pc-

313 1439 644 1515 regatur,
682 1434 1045 1516 nimirum,
1083 1436 1393 1499 materia
1429 1441 1690 1519 suapte
1717 1440 1982 1500 natura
2013 1436 2401 1517 mutabilis,
2443 1457 2559 1519 po-

313 1545 546 1605 testas
582 1543 905 1623 legitima
940 1545 1013 1606 et
1039 1539 1239 1624 justa
1273 1560 1522 1607 causa.
1575 1544 1879 1608 Materia
1926 1545 2281 1610 mutabilis
2315 1563 2557 1607 ncces

313 1651 510 1711 sario
552 1651 884 1731 exposcit
931 1667 1083 1713 rem
1122 1651 1242 1714 vel
1303 1668 1506 1714 usum
1544 1650 2089 1733 disciplinarem
2139 1653 2557 1715 mutandum

313 1761 440 1819 aut
480 1756 974 1839 derogandum
1008 1775 1143 1822 nec
1174 1758 1268 1822 ad
1299 1759 1826 1824 institutionem
1864 1759 2189 1823 divinam
2246 1763 2559 1842 pertinc-

313 1881 417 1945 re,
460 1881 598 1927 nec
644 1883 802 1927 cum
839 1863 1176 1947 dogmate
1224 1883 1383 1929 esse
1452 1867 1703 1931 intime
1769 1868 2259 1949 conjunctum,
2329 1887 2561 1949 noque

313 1975 602 2053 partem
640 1973 1192 2037 substantialem
1254 1974 1685 2057 disciplinae
1742 1976 2077 2039 internae
2103 1975 2561 2040 velelemcn-

313 2083 470 2143 tum
510 2068 1058 2144 fundamentale
1092 2081 1523 2163 disciplinae
1566 2087 1915 2147 externae
1952 2083 2419 2147 constituere.

500 2189 814 2251 Potestas
846 2188 1175 2274 lagji-tima,
1205 2188 1320 2252 cui
1354 2205 1446 2252 ex
1472 2188 1607 2252 Dei
1629 2188 2102 2271 dispositione
2127 2190 2333 2253 unice
2373 2209 2559 2249 com-

313 2295 506 2375 petit
534 2295 654 2375 jus
688 2311 804 2356 res
841 2293 1350 2375 disciplinares
1380 2294 1786 2376 abrogandi
1815 2296 1934 2359 vel
1959 2297 2443 2377 temperansli7
2491 2297 2559 2355 in

317 2403 762 2465 auctoritate
787 2419 1003 2465 sacra
1038 2406 1257 2484 atque
1292 2402 1654 2483 spirituali
1687 2402 1974 2465 omnino
2014 2403 2155 2465 sita
2196 2409 2327 2481 est,
2373 2421 2561 2463 nom-

315 2529 432 2593 pe,
476 2509 834 2592 Ecclesia,
872 2509 1195 2574 Romano
1223 2509 1598 2593 Pontifice,
1653 2508 1995 2574 Conciliis
2045 2515 2117 2573 et
2151 2509 2559 2592 Episcs,›1.]is;

317 2623 391 2679 at
428 2635 612 2681 vero
650 2635 1015 2699 nunquam
1051 2617 1222 2680 laici
1253 2617 1425 2680 licet
1459 2617 1822 2698 imperiali
1857 2635 1984 2680 seu
2043 2616 2276 2699 regali
2335 2617 2561 2696 digui-

315 2723 454 2786 tati
496 2723 822 2805 insigniti
857 2723 1023 2804 sint,
1062 2722 1251 2787 hanc
1280 2723 1708 2787 facultatem
1744 2741 2049 2787 exerere
2079 2732 2405 2805 possunt;
2445 2742 2563 2786 ne-

317 2850 462 2914 que
494 2832 520 2912 j
532 2850 660 2894 ure
687 2832 1140 2918 m‘ajestaticm
1170 2834 1387 2913 prout
1413 2830 1904 2894 contendebat
1928 2831 2365 2894 Bohemerus
2401 2850 2561 2892 cum

317 2940 486 3002 aliis
522 2937 1138 3019 Protestantibus3*
1169 2955 1403 3019 neque
1430 2938 1596 3019 jure
1634 2938 2003 3024 colleqiali,
2044 2937 2148 3002 uti
2176 2939 2567 3019 Jactitabat

315 3048 762 3112 Moshemius
784 3047 1175 3130 pluresque
1187 3047 1214 3127 j
1229 3047 1498 3110 uristae
1520 3046 1956 3110 decantatae
1977 3046 2561 3124 Resorlnati<11uis;

317 3172 456 3218 nec
496 3154 778 3216 demum
809 3153 975 3233 jure
1010 3173 1121 3216 res
1156 3159 1479 3217 eat-ternas
1529 3135 1980 3234 moderandi,
2020 3154 2224 3218 velut
2287 3156 2565 3216 effutie-

317 3262 502 3322 bant
536 3260 892 3342 Josephus
927 3259 998 3323 II
1048 3259 1385 3322 Austriae
1452 3260 1890 3342 Imperator,
1958 3260 2365 3342 Leopoldus
2405 3262 2565 3322 ‚Dux

319 3366 740 3448 Ethruriae‚
780 3365 1357 3456 Conciliabulum
1416 3367 1866 3431 Pistoriense
1926 3370 2000 3432 et
2037 3369 2250 3432 turba
2305 3386 2569 3450 mz‘lgua

313 3476 339 3554 j
357 3474 809 3538 ansenianae
843 3479 1114 3538 sectae.
1477 3474 1484 3479 '

508 3580 838 3662 Denique
873 3597 1081 3645 nemo
1117 3581 1398 3645 inficias
1431 3581 1562 3644 ibit
1595 3602 1845 3647 causas
1855 3585 2094 3669 justas
2121 3586 2373 3646 extare
2407 3602 2447 3663 p
2461 3602 2563 3644 os-

323 3708 399 3752 se
464 3706 598 3770 pro
652 3687 1079 3752 diversitate
1123 3691 1554 3771 temporum,
1623 3689 1946 3753 locorum
1984 3695 2056 3754 et
2089 3707 2567 3771 personarum

325 3796 417 3858 ad
454 3798 893 3859 mutationes
929 3797 1439 3878 perficiendas,
1477 3798 1832 3880 siquidem
1861 3798 2018 3880 ipse
2046 3798 2567 3880 praelaudatus

323 3904 666 3966 Pontifex
702 3904 770 3968 S.
801 3903 949 3968 Leo
976 3904 1281 3986 Magnus
1302 3905 1395 3968 ad
1421 3905 1790 3969 Rusticum
1820 3904 2365 3969 Narbonensem
2399 3906 2569 3968 scri-

323 4012 508 4074 bens
546 4010 896 4092 ejusmodi
950 4011 1746 4094 necessitatem‘palam
1792 4016 1866 4075 et
1920 4011 2339 4076 solemniter
2375 4014 2571 4078 hisce

470 4246 550 4316 (1)
626 4242 802 4312 Epist.
829 4246 916 4311 89,
946 4241 1182 4297 Caco-iar.
1212 4242 1336 4297 edit.
1401 4270 1406 4274 ·
