3332 5100
1661 376 2016 435 —186—

724 520 1085 584 Romanos
1143 520 1526 584 Pontifices
1590 523 1661 584 et
1697 520 1983 604 quidem
2036 539 2166 603 pro
2214 522 2669 602 Principibus
2727 522 2959 604 laiciS,

726 644 913 706 quae
951 628 1189 690 omnia
1227 644 1441 708 quam
1477 644 1789 691 erronea
1831 644 1991 692 esse
2052 632 2268 710 atque
2326 646 2550 690 sanae
2588 628 2965 692 doctrinae

728 738 799 794 et
833 730 1099 796 Christi
1137 732 1496 796 voluntati
1530 734 1811 797 absona
1848 751 2054 798 nemo
2092 740 2202 797 est
2236 734 2358 816 qui
2390 752 2534 798 non
2568 734 2839 798 videat.

907 840 1055 902 164.
1153 840 1345 904 Nihil
1375 839 1759 922 proficiunt
1784 842 2180 924 regalistae
2215 842 2556 922 capciosa
2584 860 2984 924 argumenr

726 952 803 1012 ta
837 948 1258 1010 adducendo
1291 965 1420 1028 pro
1454 965 1586 1011 sua
1620 947 1709 1011 de
1773 957 2039 1011 natura
2092 948 2406 1028 ,iuridica
2478 946 2965 1014 Concordato-

726 1073 885 1118 rum
919 1054 1305 1134 sententia,
1339 1071 1584 1117 omnes
1619 1052 1977 1136 siquidem
2013 1054 2458 1134 obJectiones
2508 1054 2598 1118 ab
2634 1054 2811 1136 ipsis
2845 1054 2969 1118 ad-

724 1152 1071 1226 inventae
1099 1162 1201 1224 ita
1229 1162 1472 1224 futiles
1511 1165 1584 1224 et
1613 1161 1880 1225 nullius
1914 1162 2254 1244 ponderis
2291 1166 2478 1242 sunt,
2512 1168 2588 1224 ut
2613 1162 2771 1224 fere
2803 1178 2969 1224 con-

726 1270 1081 1332 futatione
1119 1286 1263 1330 non
1291 1267 1689 1349 indigeant.
1731 1267 1841 1331 En
1877 1268 2232 1349 quomodo
2270 1272 2606 1350 arguant.

909 1374 1237 1456 objectio
1277 1374 1379 1438 1.Ηι
1469 1372 1929 1439 Concordata
1964 1380 2130 1439 sunt
2172 1394 2348 1440 vera
2406 1380 2626 1458 pacta
2693 1380 2765 1438 et
2821 1392 2973 1440 non

728 1484 1145 1566 privilegia,
1187 1482 1355 1562 quia
1393 1481 1465 1544 in
1498 1480 1608 1545 his
1635 1482 1723 1546 de
1780 1483 2234 1564 gravissimis
2282 1482 2823 1564 quaestionibus
2865 1482 2973 1546 in-

728 1596 839 1652 ter
865 1590 1221 1652 Romanos
1251 1587 1632 1651 Pontifices
1654 1591 1729 1651 et
1761 1587 2134 1670 Principes
2166 1590 2428 1670 agitur,
2450 1588 2542 1650 ad
2570 1606 2749 1668 quas
2779 1606 2971 1652 com-

728 1696 1105 1780 ponendas
1133 1696 1253 1758 vel
1289 1695 1681 1760 solvendas
1709 1695 2158 1776 praecedunt
2204 1696 2761 1776 negotiationes,
2801 1712 2971 1758 con-

730 1804 1095 1868 cessiones
1139 1802 1341 1882 fiunt,
1402 1801 1936 1866 transactiones
1970 1802 2454 1884 intercedunt,
2492 1802 2829 1882 aliaeque
2861 1818 2971 1864 so-

728 1912 1147 1974 lemnitates
1205 1908 1588 1990 habentur,
1620 1925 1809 1990 quae
1872 1908 1946 1972 in
2008 1910 2614 1974 conventionibus
2671 1906 2973 1990 proprie

730 2018 941 2080 dictis
981 2016 1361 2078 observari
1389 2015 1647 2079 solent.
1689 2015 1903 2097 Resp.
1941 2016 2028 2080 In
2064 2018 2198 2080 hac
2254 2016 2761 2080 controversia
2827 2014 2975 2077 tria

732 2124 1303 2188 discriminanda
1339 2128 1525 2188 sunt:
1554 2126 1789 2209 qratia
1814 2126 2216 2209 apostolica,
2278 2126 2650 2189 concordia
2687 2130 2759 2186 et
2819 2144 2973 2188 con-

732 2234 1117 2312 cordatum
1181 2232 1422 2312 gratia
1477 2232 1885 2312 apostolica
1947 2240 2056 2295 est
2116 2232 2580 2314 privilegium
2648 2228 2975 2310 Principi

732 2358 1179 2420 concessum,
1213 2339 1404 2420 quod
1422 2339 1571 2419 Juri
1607 2339 1969 2402 communi
2002 2357 2146 2402 non
2182 2340 2512 2420 derogat3
2578 2338 2975 2402 concordia

732 2450 871 2512 sita
899 2450 1107 2512 estin
1139 2448 1448 2529 quadam
1475 2447 1989 2511 conciliatione
2023 2454 2150 2512 aut
2182 2454 2428 2512 mutua
2476 2448 2667 2510 inter
2703 2454 2973 2511 utram-

732 2575 869 2639 que
907 2563 1343 2637 potestatem
1369 2555 1883 2640 intelligentia,
1917 2574 2078 2621 cum
2116 2557 2448 2621 Ecclesia
2476 2561 2548 2619 et
2582 2555 2827 2619 Status
2871 2557 2973 2619 in-

732 2671 843 2729 ter
879 2683 957 2727 se
993 2665 1507 2729 dissentiantur
1544 2671 1616 2728 et
1648 2682 1780 2746 pro
1817 2665 2186 2730 servanda
2214 2683 2394 2747 pace
2422 2665 2586 2727 lites
2644 2665 2769 2729 vel
2805 2681 2973 2727 con·

734 2773 967 2835 flictus
1003 2789 1095 2835 ex
1131 2789 1361 2853 aequo
1427 2775 1501 2835 et
1563 2771 1753 2835 bono
1824 2777 2378 2854 componantur;
2448 2771 2975 2835 concordatum

732 2897 911 2943 vero
943 2897 1033 2941 ex
1067 2879 1275 2941 dictis
1315 2882 1422 2943 est
1453 2878 1695 2960 gratia
1734 2878 1851 2943 vel
1885 2879 2352 2962 privilegium
2398 2879 2546 2959 juri
2606 2877 2975 2941 communi

734 2985 1095 3067 derogans
1131 2985 1205 3049 in
1233 2987 1528 3048 natione
1565 2984 1689 3049 vel
1748 2985 2049 3066 regione
2114 2985 2306 3047 illius
2362 2985 2745 3067 Principis,
2807 3001 2973 3047 cum

737 3113 875 3177 quo
913 3095 1157 3175 initur,
1189 3093 1381 3175 quod
1410 3093 1588 3156 satis
1615 3092 1941 3173 explicat
1974 3093 2322 3175 requisita
2360 3097 2432 3155 et
2466 3093 2975 3155 solemnitates

732 3205 809 3265 in
843 3203 1193 3283 ejusmodi
1223 3201 1685 3283 pactionibus
1723 3207 2021 3266 servata
2086 3201 2178 3263 ad
2240 3201 2763 3281 perficiendam
2819 3217 2976 3263 rem

737 3311 917 3373 adeo
939 3309 1630 3391 trascendentalem,
1650 3309 1886 3391 qualis
1908 3314 2019 3371 est
2044 3309 2418 3389 derogatio
2440 3309 2626 3389 juris
2659 3326 2973 3371 commu-

737 3423 845 3483 nis
877 3427 949 3483 et
983 3419 1396 3483 constitutio
1433 3419 1615 3501 legis
1675 3417 2138 3500 particularis
2204 3435 2336 3497 pro
2400 3417 2757 3497 singulari
2811 3415 2975 3479 loco

737 3529 857 3593 vel
895 3529 1233 3591 ecclesia.

915 3633 1243 3717 Objectio
1281 3635 1379 3699 2?
1453 3634 1538 3698 In
1565 3633 2017 3698 documentis
2043 3633 2376 3715 publicis,
2412 3631 2881 3713 concordata,
2915 3629 2975 3693 si

735 3745 1217 3825 inspiciantur
1253 3741 1653 3824 inscriptiO,
1685 3758 1947 3805 nomen
1982 3758 2068 3805 ac
2106 3741 2360 3823 verba,
2422 3743 2642 3823 pacta
2707 3757 2973 3805 vocan-

737 3857 877 3917 tur.
919 3853 1131 3933 Resp.
1187 3851 1343 3915 Hoc
1396 3854 1677 3914 tantum
1746 3850 2106 3931 significat
2188 3849 2661 3931 concordata,
2735 3845 2973 3929 quoad

737 3959 1047 4021 formam
1083 3959 1594 4038 extrinsecam,
1626 3962 1846 4037 pacta
1874 3957 2156 4020 censeri
2192 3961 2264 4019 et
2300 3957 2554 4019 eadem
2590 3955 2968 4035 fidelitate,

739 4083 883 4147 qua
911 4075 1249 4127 caeterae
1277 4065 1822 4145 conventiones,
1854 4067 2116 4148 exequi
2156 4067 2272 4131 vel
2310 4065 2693 4131 observari
2763 4063 2971 4127 debe-

739 4189 843 4253 re3
883 4173 1175 4235 minime
1209 4191 1385 4237 vero
1423 4172 1613 4255 quod
1638 4172 1782 4237 sint
1829 4179 2049 4256 pacta
2106 4175 2282 4239 vere
2350 4171 2973 4257 synallagmatica

739 4281 929 4345 inter
965 4279 1143 4343 duas
1173 4281 1561 4345 societates
1599 4280 1970 4363 aequales,
