3332 5100
1736 372 2092 438 -358—

794 528 945 583 tant
973 514 1044 582 in
1072 516 1573 596 municipalem,
1599 520 1713 581 vel
1739 520 2180 583 domesticam
2204 536 2345 579 rem
2370 520 2816 595 importunius
2848 517 3041 583 inva-

796 606 980 665 dere:
1010 618 1185 678 quae
1219 604 1449 661 valent
1472 603 1562 661 ad
1583 603 1811 677 decus,
1835 602 1923 659 ad
1946 618 2302 676 personam
2327 602 2638 675 hominiS‚
2673 603 2761 660 ad
2790 619 3043 677 aequa-

795 684 1129 745 bilitatem
1152 682 1319 742 iuris
1344 684 1414 741 in
1444 683 1730 757 singulis
1761 683 2026 740 civibus
2047 688 2610 755 conservandam,
2653 698 2884 742 earum
2937 700 3045 741 re-

796 780 945 825 rum
1003 763 1299 823 omnium
1354 762 1732 822 Ecclesiam
1787 764 2188 822 catholicam
2237 763 2347 820 vel
2399 762 2867 836 inventricem,
2925 765 3044 823 vel

796 843 1164 920 auspicem,
1200 844 1311 902 vel
1335 844 1680 902 custodem
1711 858 1975 917 semper
2005 844 2238 916 fuisse,
2285 843 2707 917 superiorum
2738 851 3043 902 aetatum

796 935 1228 985 monumenta
1278 930 1633 982 testantur.
1679 922 1823 981 Sibi
1869 924 2080 999 igitur
2112 931 2434 997 perpetuo
2474 924 2927 994 consentienS,
2984 925 3043 982 si

797 1022 887 1066 ex
916 1013 1133 1066 altera
1163 1013 1355 1079 parte
1406 1005 1792 1063 libertatem
1821 1004 2080 1078 respuit
2109 1004 2560 1076 immodicam,
2613 1020 2786 1077 quae
2817 1012 2885 1062 et
2911 1005 3041 1077 pri-

794 1087 973 1147 vatis
1004 1094 1073 1145 et
1097 1085 1362 1160 populis
1391 1085 1461 1144 in
1490 1084 1838 1143 licentiam
1860 1085 1974 1142 vel
2001 1084 2072 1143 in
2097 1084 2493 1143 servitutem
2522 1084 2728 1157 cadit,
2761 1100 2852 1142 ex
2875 1086 3042 1143 alte-

793 1182 871 1226 ra
895 1167 1131 1226 volens
1155 1173 1222 1224 et
1245 1166 1465 1224 libens
1494 1164 1927 1238 amplectitur
1955 1180 2066 1223 res
2095 1164 2430 1238 meliores,
2460 1180 2630 1239 quas
2679 1165 2826 1223 dies
2868 1165 3042 1223 affe-

794 1253 925 1321 rat,
960 1247 1020 1305 si
1067 1261 1231 1305 vere
1298 1245 1816 1321 prosperitatem
1874 1245 2266 1303 contineant
2328 1245 2524 1304 huius
2589 1242 2794 1317 vitae,
2861 1260 3041 1318 quae

798 1327 1137 1402 quoddam
1194 1332 1297 1384 est
1326 1326 1512 1384 velut
1560 1325 1854 1383 stadium
1911 1325 1998 1383 ad
2057 1324 2342 1383 alteram
2372 1340 2656 1401 eamque
2712 1332 3041 1399 perpetuo

796 1406 1471 1479 mansuram—Ergo
1504 1406 1683 1479 quod
1727 1405 2060 1478 inquiunt,
2114 1404 2490 1463 Ecclesiam
2519 1406 2920 1463 recentioris
2951 1405 3043 1463 ci·

796 1488 1085 1545 vitatum
1107 1487 1415 1545 invidere
1447 1485 1869 1559 disciplinae,
1907 1493 1974 1543 et
2019 1500 2484 1559 quaecumque
2525 1486 2758 1543 horum
2787 1494 3042 1559 tempo-

797 1583 947 1627 rum
990 1566 1336 1639 ingenium
1369 1566 1653 1640 peperit,
1701 1566 1924 1623 omnia
1971 1566 2350 1639 promiscue
2380 1566 2763 1639 repudiare,
2817 1566 3043 1624 inanis

796 1655 899 1706 est
920 1656 989 1706 et
1005 1647 1231 1706 ieiuna
1254 1646 1612 1705 calumnia.
1630 1645 1974 1704 Insaniam
2001 1647 2270 1719 quidem
2293 1646 2606 1720 repudiat
2627 1644 3040 1719 opinionum:

797 1728 1136 1803 improbat
1160 1727 1425 1786 nefaria
1450 1726 1854 1785 seditionum
1880 1727 2124 1799 studia,
2158 1727 2480 1799 illumque
2510 1728 2904 1785 nominatim
2927 1727 3044 1784 ha-

795 1808 1011 1867 bitum
1042 1808 1437 1879 animorum,
1464 1808 1531 1865 in
1562 1822 1692 1880 quo
1737 1806 1928 1866 initia
1954 1806 2458 1880 perspiciuntur
2497 1807 2865 1864 ³voluntarii
2907 1807 3042 1864 dis·

797 1904 1029 1947 cessus
1054 1905 1094 1945 a
1124 1887 1287 1946 Deo:
1318 1888 1437 1945 sed
1462 1887 1623 1961 quia
1654 1902 1872 1960 omne,
1909 1888 2088 1960 quod
2111 1902 2348 1944 verum
2369 1895 2490 1959 est,
2519 1902 2560 1943 a
2582 1886 2722 1945 Deo
2743 1887 3043 1960 proficis·

797 1968 863 2027 ci
931 1983 1209 2027 necesse
1300 1973 1423 2041 est,
1500 1967 1852 2041 quidquid,
1929 1967 2342 2041 indagandO,
2417 1967 2565 2024 veri
2635 1969 3038 2042 attingatur,

796 2049 1107 2123 agnoscit
1134 2047 1443 2106 Ecclesia
1477 2048 1669 2106 velut
1702 2047 2040 2121 quoddam
2069 2047 2342 2105 divinae
2373 2048 2616 2105 mentis
2643 2049 3039 2123 vestigium.

798 2126 1096 2202 Cumque
1119 2128 1287 2186 nihil
1312 2128 1399 2185 sit
1444 2129 1515 2185 in
1538 2143 1765 2186 rerum
1796 2141 2041 2185 natura
2060 2128 2230 2200 veri,
2279 2127 2461 2201 quod
2509 2128 2836 2185 doctrinis
2869 2128 3040 2186 divi-

796 2209 979 2268 nitus
1002 2208 1270 2267 traditis
1300 2208 1501 2267 fidem
1530 2208 1837 2281 abroget,
1865 2208 2073 2266 multa
2105 2224 2279 2281 quae
2303 2208 2656 2281 adrogent,
2685 2209 3042 2282 omnisque

795 2290 1006 2363 possit
1052 2288 1355 2347 inventio
1395 2288 1545 2346 veri
1573 2289 1661 2345 ad
1692 2288 1906 2347 Deum
1933 2288 2152 2361 ipsum
2192 2288 2301 2345 vel
2333 2289 2879 2361 cognoscendum
2928 2290 3044 2346 vel

795 2370 1209 2429 laudandum
1232 2368 1601 2442 impellere,
1633 2368 1892 2427 idcirco
1927 2368 2260 2442 quidquid
2298 2368 2584 2427 accedat
2611 2369 2699 2426 ad
2723 2370 3042 2430 scientia-

794 2466 943 2509 rum
973 2450 1139 2509 fines
1162 2449 1624 2523 proferendos,
1657 2449 1999 2523 gaudente
2021 2454 2091 2506 et
2139 2448 2393 2507 libente
2423 2448 2730 2507 Ecclesia
2771 2465 3044 2523 semper

792 2530 1102 2590 accedet:
1136 2529 1508 2604 eademque
1533 2529 1851 2603 studiose,
1887 2536 1961 2588 ut
1991 2529 2180 2603 solet,
2215 2528 2391 2589 sicut
2414 2530 2584 2588 alias
2611 2529 3038 2605 disciplinas,

794 2611 897 2668 ita·
912 2611 1065 2669 illas
1116 2610 1320 2670 etiam
1349 2610 1610 2669 fovebit
1640 2627 1721 2669 ac
1752 2611 2098 2684 provehet,
2136 2625 2310 2683 quae
2337 2611 2596 2684 positae
2619 2617 2774 2669 sunt
2821 2612 2893 2670 in
2923 2628 3045 2670 ex-

794 2691 1158 2766 plicatione
1182 2699 1488 2750 naturae.
1522 2689 1776 2764 Quibus
1807 2691 1878 2748 in
1927 2690 2189 2763 studiis,
2223 2707 2358 2748 non
2381 2691 3042 2768 adversaturEccle·

796 2771 898 2832 sia
942 2772 999 2830 si
1035 2770 1198 2846 quid
1248 2787 1435 2830 mens
1484 2771 1816 2845 repererit
1861 2771 2043 2829 novi:
2099 2786 2232 2828 non
2261 2778 2596 2846 repugnat
2647 2772 2809 2846 quin
2841 2772 3043 2846 plura

794 2859 1210 2928 quaerantur
1246 2852 1335 2910 ad
1385 2852 1591 2910 decus
1643 2851 2320 2925 commoditatemque
2371 2852 2576 2910 vitae:
2610 2850 2812 2910 immo
2862 2854 3058 2911 iner-

794 2932 931 2991 tiae
961 2931 1399 3006 desidiaeque
1432 2931 1707 2991 inimica
1737 2947 2148 3006 magnopere
2178 2933 2326 2990 vult
2373 2939 2448 2990 ut
2478 2933 2819 2990 hominum
2849 2933 3041 3006 inge-

792 3014 909 3072 -nia
950 3013 1193 3071 uberes
1250 3013 1475 3070 ferant
1524 3012 2016 3070 exercitatione
2059 3018 2126 3070 et
2155 3013 2422 3070 cultura
2478 3013 2764 3071 fructus:
2798 3013 3044 3071 incita-

792 3099 1019 3152 menta
1048 3093 1332 3168 praebet
1360 3093 1449 3162 ad
1478 3108 1673 3150 omne
1691 3108 1907 3167 genus
1937 3093 2182 3151 artium
2213 3098 2419 3165 atque
2451 3108 2750 3166 operum:
2785 3094 3042 3151 omnia-

796 3189 926 3247 que
956 3173 1195 3233 harum
1221 3188 1448 3231 rerum
1496 3173 1719 3232 studia
1760 3172 1847 3231 ad
1880 3173 2300 3232 honestatem
2331 3174 2751 3246 salutemque
2780 3174 3046 3232 virtute

789 3269 915 3312 sua
950 3253 1292 3328 dirigens,
1326 3253 1652 3326 impedire
1702 3253 1963 3325 nititur,
2016 3254 2370 3326 quominus
2419 3270 2459 3312 a
2509 3253 2650 3312 Deo
2701 3254 3046 3328 bonisque

791 3333 1200 3470 {celestibus
1257 3349 1377 3392 sua
1408 3333 1744 3393 hominem
1795 3332 2250 3407 intelligentia
2279 3340 2485 3409 atque
2529 3335 2863 3393 industria
2925 3335 3045 3394 de·

840 3419 1042 3472 ectat.
1180 3411 1190 3422 ’
2471 3409 2483 3416 ’

955 3492 1088 3552 Sed
1114 3494 1306 3568 haec,
1342 3493 1608 3552 tametsi
1638 3492 1840 3568 plena
1881 3492 2162 3552 rationis
2191 3498 2258 3552 et
2315 3494 2598 3568 consilii,
2635 3495 2856 3553 minus
2887 3510 3046 3566 pro·

792 3573 1043 3634 bantur
1071 3575 1197 3632 hoc
1230 3580 1553 3648 tempore,
1604 3591 1758 3634 cum
1789 3574 2102 3633 civitates
2145 3591 2279 3632 non
2309 3577 2503 3634 modo
2534 3583 2854 3634 recusant
2883 3592 3046 3635 sese

788 3655 881 3713 ad
912 3654 1323 3714 christianae
1360 3654 1735 3728 sapientiae
1766 3655 2024 3712 referre
2054 3655 2360 3728 formam,
2413 3656 2533 3714 sed
2563 3657 2768 3714 etiam
2796 3656 3041 3715 viden·

790 3741 902 3795 tur
953 3734 1253 3810 quotidie
1308 3735 1573 3810 longius
1610 3736 1699 3793 ab
1751 3751 1834 3794 ea
1885 3735 2061 3792 velle
2121 3735 3044 3796 discedere—Nihilominus

792 3815 953 3890 quia
1001 3817 1071 3874 in
1103 3816 1323 3894 lucem
1372 3816 1637 3889 prolata
1685 3816 1941 3874 veritas
1971 3816 2142 3873 solet
2192 3832 2313 3875 sua
2371 3824 2606 3890 sponte
2656 3817 2792 3874 late
2821 3815 3046 3876 fluere

791 3895 1267 3969 hominumque
1318 3903 1577 3954 mentes
1626 3896 1878 3954 sensim
1907 3897 2305 3968 pervadere,
2366 3896 2620 3954 idcirco
2677 3895 2812 3954 Nos
2843 3912 3043 3954 cons-

792 3975 1041 4036 cientia
1097 3975 1378 4034 maximi
1429 3976 1970 4049 sanctissimique
2017 3976 2246 4049 officii,
2289 3977 2414 4036 hoc
2465 3983 2567 4034 est
2616 3976 3039 4052 Apostolica,

792 4071 925 4128 qua
953 4057 1303 4132 fungimur
1352 4056 1440 4114 ad
1488 4065 1726 4131 gentes
1757 4057 2132 4129 universas,
2189 4057 2530 4130 legatione
2579 4057 2886 4132 permoti,
2948 4073 3044 4115 ea

792 4151 965 4210 quae
995 4152 1161 4194 vera
1217 4143 1393 4210 sunt,
1430 4137 1665 4209 libere,
1721 4144 1794 4195 ut
1824 4136 2168 4209 debemus,
2223 4137 2621 4211 eloquimur:
2663 4153 2799 4196 non
2849 4137 3046 4210 quod

788 4232 923 4276 non
951 4223 1375 4291 perspectam
1425 4217 1792 4276 habeamus
1849 4217 2180 4276 rationem
2211 4225 2606 4291 temporum,
2663 4224 2783 4276 aut
2833 4232 3041 4291 repu-

790 4296 1041 4360 dianda
1070 4297 1313 4356 aetatis
1340 4303 1613 4357 nostrae
1660 4298 1940 4357 honesta
1971 4303 2174 4374 atque
2222 4297 2416 4358 utilia
2445 4298 2864 4358 incrementa
2907 4313 3038 4374 pu-
