3332 5100
1318 379 1631 437 ...83-

340 523 609 606 quibus
644 524 689 600 J
694 542 775 588 us
809 521 1403 587 Ecclesiasticum
1440 523 1810 605 publicum
1845 521 2136 587 disserit
2185 523 2383 588 circa
2417 522 2595 587 divi-

337 647 514 694 nam
550 629 928 695 Ecclesiae
961 628 1461 693 fundationem
1496 632 1716 712 atque
1752 628 2369 712 constitutionem,
2398 629 2597 694 circa

336 736 873 802 institutionem
906 736 1290 819 potestatis
1324 736 1853 817 hierarchicae,
1893 735 2090 801 circa
2145 755 2436 802 sacrum
2470 737 2595 801 im-

335 844 627 928 perium
663 844 1029 928 Apostolis
1064 847 1139 909 et
1171 845 1247 908 in
1280 844 1527 926 primis
1561 843 1788 908 Beato
1824 843 2037 908 Petro
2073 843 2422 909 aChristo
2451 845 2595 910 col-

336 951 599 1032 latum,
670 951 867 1014 circa
902 954 1239 1014 naturam
1274 967 1361 1014 ac
1395 951 1896 1015 extensionem
1926 949 2138 1032 hujus
2159 950 2351 1014 sacri
2374 951 2596 1032 impe·

336 1057 433 1121 rii
468 1057 567 1121 ad
628 1057 897 1122 bonum
958 1057 1354 1138 Religionis
1422 1062 1494 1121 et
1562 1055 1940 1122 Ecclesiae
1994 1057 2597 1139 gubernationem

339 1163 696 1229 divinitus
730 1164 1065 1242 instituti,
1104 1181 1198 1228 ex
1232 1162 1471 1228 Sacris
1506 1162 1899 1246 Scripturis
1929 1163 2117 1228 Novi
2149 1163 2597 1228 Testamenti

336 1270 825 1354 proculdubio
862 1271 1213 1335 sumenda
1247 1275 1435 1334 sunt.
1495 1269 1586 1335 Et
1650 1271 1743 1334 ad
1796 1268 1842 1335 J
1845 1289 1926 1336 us
1979 1271 2350 1354 privatum
2405 1271 2598 1354 quod

347 1381 646 1463 attinet,
678 1396 926 1443 omnes
951 1379 1180 1442 ferme
1206 1378 1406 1460 leges
1435 1377 1982 1452 ecclesiasticae
2001 1377 2288 1444 Divinis
2302 1377 2597 1444 Litteris

343 1487 768 1552 confirma-ri
802 1491 875 1550 et
909 1486 1261 1550 illustrari
1296 1486 1572 1568 valent,
1606 1485 1838 1549 sinon
1865 1485 2270 1551 luculenter
2305 1504 2397 1552 ex
2420 1487 2597 1569 ipsis

340 1599 719 1678 tamquam
754 1593 1027 1677 regulis
1064 1593 1526 1675 generalibus
1561 1612 1605 1656 a
1638 1593 1794 1656 Deo
1823 1593 2108 1658 traditis
2145 1599 2516 1659 eruantur.

524 1702 610 1767 In
640 1700 847 1766 Novo
883 1701 1346 1765 Testamento
1407 1701 1868 1764 continentur
1901 1709 2284 1787 praecepta
2347 1701 2597 1765 divina

342 1812 413 1873 et
448 1809 729 1874 diversi
789 1809 1079 1890 generis
1140 1809 1489 1873 instituta.-
1531 1815 1915 1893 praecepta
1949 1806 2198 1873 divina
2263 1807 2598 1871 dicuntur

342 1915 553 1997 leges
588 1915 712 1980 vel
746 1913 1123 1979 doctrinae
1158 1931 1201 1976 a
1236 1911 1521 1978 Christo
1559 1913 1867 1978 Domino
1918 1913 2258 1995 traditae,
2293 1931 2598 1996 quarum

342 2022 822 2087 observantia
855 2023 977 2088 vel
1014 2021 1371 2105 professio
1433 2040 1681 2087 omnes
1746 2022 1996 2086 fideles
2056 2021 2463 2104 obstringit,
2523 2026 2598 2088 et

343 2147 536 2212 quae
603 2129 1035 2211 praesertim
1088 2129 1164 2192 in
1218 2128 1641 2209 Evangeliis
1700 2129 2186 2210 reperiuntur3
2255 2129 2597 2210 distingui

341 2238 587 2301 solent
617 2237 690 2300 in
726 2237 1134 2323 doymatica,
1168 2237 1711 2302 sacramentalia
1745 2240 1817 2298 et
1852 2237 2166 2319 moralia,
2224 2240 2439 2319 prout
2465 2235 2597 2299 sub

343 2344 511 2427 lege
552 2363 679 2409 seu
714 2344 1049 2408 doctrina
1085 2343 1334 2430 divina
1368 2343 1575 2407 nobis
1607 2349 2112 2426 proponuntur
2144 2344 2302 2410 sive
2329 2344 2595 2436 verita·-

342 2455 453 2516 tes
490 2452 929 2532 credendae,
967 2452 1125 2516 sive
1162 2468 1281 2515 res
1315 2468 1573 2515 sacrae
1607 2450 2102 2515 conficiendae
2167 2455 2293 2516 aut
2356 2451 2596 2515 confe-

342 2561 647 2643 rendae,
687 2562 844 2626 sive
878 2561 1179 2643 regulae
1212 2578 1491 2625 morum
1526 2561 1962 2625 servandae.

522 2670 857 2735 Instituta
922 2673 1283 2735 vocantur
1346 2670 1519 2733 illae
1582 2669 2074 2733 ordinationes
2136 2667 2258 2732 vel
2327 2684 2596 2750 praxes

345 2792 539 2856 quae
572 2775 647 2869 in
678 2750 917 2838 IJibris
954 2774 1208 2839 Novae
1242 2774 1456 2858 Legis
1491 2773 1852 2837 habentur
1885 2777 2254 2855 tamquam
2291 2773 2381 2837 ab
2437 2774 2595 2856 ipso

347 2880 633 2947 Christo
667 2884 788 2947 vel
822 2884 915 2947 ab
949 2883 1318 2965 Apostolis
1350 2884 1876 2965 praescriptae;
1908 2882 2076 2947 hinc
2102 2884 2408 2964 triplicis
2476 2900 2594 2966 ge-

346 2990 545 3053 neris
566 3008 726 3053 esse
760 2995 1088 3073 possunt:
1121 2992 1381 3072 divina,
1415 2988 2068 3075 apostolico-divina
2095 2995 2167 3053 et
2193 2990 2595 3074 apostolica,

348 3102 706 3179 quatenus
742 3098 863 3163 vel
900 3118 943 3162 a
975 3098 1020 3162 J
1024 3116 1150 3162 esu
1185 3097 1468 3163 Christo
1506 3098 1776 3161 tradita
1823 3101 1897 3162 et
1928 3098 2393 3179 promulgata
2425 3098 2592 3181 sint,

344 3204 468 3270 vel
504 3224 549 3268 a
584 3204 866 3271 Christo
901 3204 1208 3270 Domino
1277 3204 1571 3285 tradita,
1632 3204 1761 3269 sed
1816 3223 1948 3288 per
1981 3204 2368 3288 Apostolos
2435 3222 2596 3288 pro-

346 3314 676 3395 mulgata
709 3314 1002 3395 fuerint,
1040 3313 1163 3378 vel
1196 3313 1507 3394 denique
1542 3312 1633 3375 ab
1671 3311 2040 3393 Apostolis
2092 3315 2166 3377 et
2192 3312 2487 3395 tradita,
2526 3315 2600 3376 et

348 3420 746 3503 publicata,
788 3422 891 3486 uti
924 3421 1417 3486 Ecclesiarum
1451 3419 1904 3484 Rectoribus.

532 3528 642 3592 75.
742 3526 997 3609 Quoad
1031 3529 1181 3593 vim
1221 3531 1294 3591 et
1335 3545 1540 3591 usum
1577 3526 1931 3608 ejusmodi
1984 3527 2226 3608 legum
2282 3527 2354 3590 et
2414 3524 2596 3589 ordi-

352 3635 753 3718 nationum,
783 3641 1188 3718 praecepta
1220 3640 1438 3717 atque
1465 3634 1798 3698 instituta
1826 3636 2066 3699 divina-
2098 3639 2170 3698 et
2196 3633 2598 3717 apostolico·

356 3742 617 3826 divina,
662 3763 849 3827 quae
884 3743 1209 3809 Christus
1264 3744 1340 3807 in
1395 3743 1801 3826 Evangelio
1868 3742 2191 3825 tradidit,
2231 3744 2356 3806 aut
2410 3758 2598 3822 quae

359 3849 688 3934 Apostoli
726 3852 1030 3916 coelitus
1066 3851 1300 3915 afflati
1332 3852 1894 3933 proposuerunt,
1934 3866 2093 3914 cum
2126 3848 2306 3913 vere
2332 3852 2406 3912 et
2435 3864 2598 3931 pro·

356 3958 512 4037 prie
545 3958 795 4023 divina
829 3958 995 4041 sint,
1029 3958 1536 4023 auctoritatem
1559 3957 1928 4025 indubiam
1951 3961 2022 4020 et
2047 3955 2601 4021 concludentem

360 4065 709 4149 obtinent,
748 4066 1084 4131 absoluta
1120 4050 1610 4149 perpetuitate
1646 4070 1866 4146 atque
1902 4062 2312 4128 omnimoda
2347 4064 2595 4128 immu-

358 4172 589 4237 nitate
622 4174 964 4256 gaudent,
1005 4191 1093 4239 ac
1125 4173 1580 4239 validissima
1613 4172 2128 4255 luculentaque
2164 4175 2597 4253 argumenta

369 4297 500 4361 pro
538 4283 754 4348 rebus
790 4283 1161 4363 canonicis
1197 4276 1794 4348 constabiliendis
1819 4281 2200 4365 praebent3
2252 4280 2608 4345 nihilomi-
