3332 5100
1318 371 1629 434 ...57-

335 522 621 584 cretum
657 522 768 584 est
802 518 876 582 in
910 520 1240 584 conciliis
1276 519 1649 584 Vannensi
1679 523 1870 599 (can.
1901 519 2061 602 XV,
2098 518 2282 606 465),
2313 517 2612 602 Agden-·

335 628 403 692 si
441 630 631 708 (can.
671 626 908 706 XXX,
946 627 1124 710 506),
1156 626 1571 708 Epaonensi
1599 625 1930 710 (XXVII,
1962 626 2147 706 509),
2179 625 2598 692 Gerunden-

335 736 405 800 si
439 740 631 816 (can.
671 736 730 816 I,
768 736 948 816 517),
984 736 1415 816 praesertim
1446 753 1651 815 vere,
1715 735 2067 800 Toletano
2109 735 2209 800 IV
2267 738 2458 816 (can.
2498 734 2592 816 II,

335 842 501 920 633)
543 842 752 922 cujus
793 842 974 906 haec
1014 848 1180 905 sunt
1216 844 1467 907 verba:
1515 842 1707 906 Unus
1737 844 1954 927 iyitur
1993 843 2161 908 ordo
2211 843 2462 908 orandi
2497 848 2597 906 at-

339 970 469 1032 que
487 948 848 1032 psallendi
876 950 1070 1014 nobis
1094 970 1226 1034 per
1256 971 1515 1014 omnem
1542 949 1966 1034 Hispaniam
1996 958 2196 1034 atque
2225 948 2599 1013 Galliciam

337 1064 802 1138 conservetur,
840 1080 1018 1120 unus
1054 1060 1292 1122 >modus
1320 1060 1396 1122 in
1421 1059 1802 1123 Missaram
1830 1057 2393 1136 solemnitatibus,
2423 1076 2599 1121 unus

335 1166 419 1228 in
451 1166 886 1248 vespertinis,
924 1166 1414 1248 matutinisque
1473 1164 1745 1251 officiis,
1799 1185 1920 1230 nec
1975 1166 2252 1230 diversa
2290 1165 2379 1228 sit
2411 1163 2601 1227 ultra

341 1272 425 1334 in
459 1272 655 1336 nobis
689 1272 1162 1336 ecclesiastica
1198 1271 1630 1354 consuetude,
1670 1273 1786 1356 qui
1818 1274 1894 1337 in
1926 1293 2066 1337 una
2118 1272 2253 1358 fide
2307 1270 2600 1335 contine-

339 1400 499 1442 mur
555 1384 619 1442 et
649 1398 878 1462 reyno:
912 1378 1030 1442 hoc
1068 1380 1246 1442 enim
1282 1386 1344 1442 et
1370 1379 1636 1461 antiqui
1672 1398 1968 1444 canones
2023 1379 2488 1460 decreverunt,
2526 1383 2602 1442 ut

339 1504 792 1566 unaquaeque
832 1486 1204 1568 provincia
1238 1492 1298 1548 et
1328 1484 1684 1568 psallendi
1734 1492 1799 1549 e't
1853 1485 2304 1550 ministrandi
2345 1504 2603 1569 parem

339 1592 904 1656 consuetudinem
942 1600 1190 1656 teneat.

525 1698 631 1760 3.⁰
724 1698 1139 1780 Requiritur
1196 1698 1502 1780 denique
1553 1697 2025 1762 conformitas
2074 1715 2236 1762 cum
2285 1698 2600 1780 discipli-

341 1810 443 1868 na
477 1804 856 1868 Ecclesiae
888 1806 1280 1884 Romanae;
1324 1810 1472 1867 tum
1504 1804 1791 1868 ratione
1826 1807 2136 1886 unitatis,
2175 1809 2254 1867 ut
2299 1805 2402 1868 ita
2451 1805 2601 1868 uni-

343 1914 679 1976 formitas
709 1914 1140 1996 disciplinae
1170 1914 1553 1994 liturgicae
1588 1913 1662 1977 in
1693 1914 1969 1978 unitate
1997 1913 2163 1976 fidei
2229 1913 2597 1995 fulciatur,

347 2022 461 2102 cuj
477 2040 553 2084 us
583 2026 912 2084 centrum
938 2022 1272 2084 Ecclesia
1304 2022 1626 2085 Romana
1652 2027 1790 2103 est,
1821 2022 2123 2104 eJusque
2152 2027 2373 2103 caput
2399 2019 2600 2086 Sum-

349 2146 505 2192 mus
543 2128 884 2192 Pontifex
918 2130 1431 2192 solidissimum
1488 2129 2065 2210 fundamentum3
2107 2114 2254 2192 tum
2319 2129 2603 2192 ratione

348 2238 792 2300 auctoritatis
822 2238 1020 2320 quasi
1050 2244 1419 2316 maternae,
1448 2254 1593 2318 qua
1620 2236 1891 2318 gaudet
1919 2236 2252 2300 Ecclesia
2277 2234 2604 2300 Romana

349 2360 575 2424 supra
631 2364 878 2408 omnes
914 2344 1282 2408 Ecclesias
1320 2345 1617 2425 Italiae,
1689 2343 2128 2425 Hispaniae,
2169 2340 2600 2424 Galliarum,

351 2448 816 2534 Germaniae,
848 2452 1168 2534 Africae,
1200 2452 1489 2516 Siciliae
1524 2457 1597 2514 et
1632 2451 2054 2515 Insularum
2084 2450 2599 2531 adJacentium,

349 2569 601 2643 utpote
629 2581 669 2623 a
699 2561 1124 2625 Beatissimo
1162 2563 1376 2625 Petro
1416 2561 1535 2625 vel
1570 2561 1727 2641 ejus
1762 2559 2316 2624 Successoribus
2350 2558 2603 2622 funda·

351 2673 487 2749 taS,
519 2669 736 2749 juxta
786 2671 1286 2751 percelebrem
1338 2667 1802 2732 Decretalem
1851 2665 1921 2731 S.
1978 2665 2387 2729 Innocentii
2434 2665 2468 2732 I
2511 2664 2603 2729 ad

351 2775 786 2839 Decentium
824 2777 1406 2857 Eugubinensem
1442 2774 1561 2858 (1);
1612 2790 1774 2837 cum
1813 2772 2044 2857 ‘igitur
2092 2771 2425 2836 Ecclesia
2469 2770 2602 2835 Ro-

351 2901 595 2963 mana,
629 2889 752 2945 aut
780 2885 1006 2947 veluti
1034 2885 1136 2945 ait
1164 2883 1394 2971 Divus
1418 2879 1564 2944 Leo
1596 2879 1901 2961 Magnus
1939 2879 2059 2961 (2).
2084 2880 2167 2943 B.
2195 2880 2389 2943 Petri
2413 2879 2606 2943 sedes

351 2991 808 3055 sacerdotatis
864 2999 1082 3055 mater
1131 2991 1222 3053 sit
1272 2988 1651 3073 diynitatis,
1690 3007 1833 3052 esse
1883 2988 2072 3052 debet
2105 2988 2605 3052 ecclesiasticae

349 3101 691 3183 mayistra
742 3101 1070 3177 rationis,·
1106 3097 1386 3159 ratione
1447 3095 1733 3159 demum
1778 3094 2332 3179 patriarchatus,
2392 3111 2605 3177 quem

349 3203 715 3267 Romanus
752 3203 1090 3265 Pontifex
1126 3204 1196 3265 in
1248 3200 1641 3267 Occidente
1697 3200 1999 3281 obtinet3
2037 3219 2206 3265 nam
2265 3199 2604 3283 quemad-

351 3311 637 3373 modum
677 3309 1150 3373 Patriarchae
1188 3307 1507 3373 Orientis
1534 3308 1609 3370 in
1636 3308 1966 3371 omnibus
2001 3310 2112 3372 sui
2149 3308 2605 3390 patriarcha-

352 3423 467 3481 tus
501 3417 850 3481 Ecclesiis
894 3419 1108 3498 pleno
1160 3417 1324 3497 jure
1374 3415 1710 3497 liturgico
1769 3414 2086 3498 praediti
2145 3417 2464 3500 fuerunt,
2502 3417 2607 3482 ita

353 3527 577 3589 etiam
613 3525 956 3607 Episcopi
1024 3527 1318 3607 Romae,
1360 3524 1577 3587 etiam
1626 3523 1689 3588 si
1726 3527 2005 3590 tantum
2062 3529 2434 3606 tamquam
2473 3525 2605 3589 Pa-

353 3633 726 3697 triarchae
786 3631 1200 3699 Occidentis
1266 3634 1722 3715 spectentur,
1797 3631 2235 3696 auctoritate
2301 3631 2602 3714 propria
2671 3657 2679 3665 ·

353 3725 752 3823 funguntur
786 3743 860 3805 in
892 3743 1224 3807 Ecclesia
1258 3742 1521 3805 Latina
1556 3760 1689 3824 pro
1727 3742 2168 3807 stabilienda
2218 3741 2607 3824 disciplina

355 3849 722 3929 liturgica,
746 3855 818 3911 et
844 3851 1170 3931 perfecto
1192 3851 1356 3929 jure
1380 3849 1881 3931 praescribere
1907 3850 2022 3914 vel
2056 3850 2317 3913 saltem
2344 3867 2607 3932 appro-

357 3955 531 4019 bare
569 3973 1060 4039 quoscumque
1094 3957 1274 4019 ritus
1310 3963 1382 4019 et
1416 3956 1916 4020 caeremonias
1972 3975 2225 4021 sacras
2275 3960 2604 4040 possunt.

533 4063 912 4129 Ecclesiae
940 4083 1116 4129 Vero
1176 4064 1658 4147 particulares
1698 4063 2068 4130 Romanae
2131 4065 2609 4149 attemperari

499 4261 577 4327 (1)
653 4257 836 4327 Epist.
862 4255 1052 4321 XXV,
1082 4259 1206 4311 edit.
1238 4257 1436 4322 Const„
1987 4286 2009 4317 ρ

499 4335 575 4397 (2)
649 4329 830 4399 Epist.
862 4329 1034 4399 XVI,
1060 4331 1180 4385 edit.
1210 4329 1421 4383 Baiter.
1450 4344 1566 4400 cap.
1589 4330 1639 4385 1.
