3332 5100
1232 386 1584 445 -109-

303 531 489 593 ribus
525 531 892 593 induxerit
924 549 1082 593 cum
1118 531 1520 594 animarum
1555 529 1882 612 pernicie
1911 534 1986 593 et
2038 528 2533 612 tranquillita-

301 639 383 699 tis
419 639 756 719 publicae
784 639 1098 719 jactura.
1138 639 1280 703 Vix
1312 637 1502 702 enim
1537 636 1870 701 enarrari
1903 636 2185 719 possint
2209 642 2384 720 quot
2416 654 2530 702 co-

299 751 503 809 natus
545 747 970 825 adhibuere,
1004 764 1359 829 quaenam
1421 748 1851 828 argumenta
1885 744 2221 827 attulere,
2276 744 2532 827 quibus

299 853 661 917 violentiis
697 859 768 915 et
802 855 1313 917 vexationibus
1350 853 1462 917 usi
1488 853 1695 917 fuere
1734 852 1892 916 fere
1953 869 2199 916 omnes
2232 852 2534 935 regalis-

299 961 387 1023 mi
423 963 758 1023 asseclae
824 979 956 1041 pro
1022 960 1465 1025 vindicanda
1524 960 1942 1042 Principum
1995 960 2530 1042 acceptatione,

299 1073 661 1149 tamquam
702 1069 1052 1149 requisito
1082 1068 1453 1131 essentiali
1480 1067 1571 1131 ad
1597 1067 1840 1149 legum
1871 1068 2536 1157 ecclesiasticarum

301 1175 888 1257 divulgationem,
922 1175 1038 1255 jus
1076 1175 1625 1257 approbationis
1662 1176 1785 1240 vel
1845 1175 2291 1257 beneplaciti
2357 1175 2535 1257 ipsis

299 1283 699 1363 tribuendO,
746 1283 970 1347 veluti
1020 1283 1430 1346 derivatum
1478 1300 1571 1347 ex
1622 1282 1788 1363 Jure
1845 1283 2276 1370 majestatico
2316 1283 2535 1365 inspi-

301 1391 527 1453 ciendi
565 1395 637 1453 et
665 1391 1000 1471 cavendi,
1034 1409 1122 1453 ne
1152 1390 1322 1471 quid
1345 1390 1787 1473 Respublica
1824 1390 2233 1455 detrimenti
2262 1390 2533 1473 capiat3

299 1498 445 1561 fieri
481 1499 750 1561 etenim
786 1517 998 1579 posse
1038 1503 1392 1579 asserunt,
1425 1504 1502 1562 ut
1530 1496 2096 1564 Constitutiones
2123 1498 2539 1581 pontificiae

301 1606 575 1687 aliquid
613 1607 1060 1687 contineant,
1104 1607 1292 1687 quod
1320 1606 1603 1687 juribus
1660 1606 1958 1688 Imperii
2013 1605 2375 1686 detrahat,
2415 1608 2541 1669 aut

307 1713 503 1777 civili
539 1715 874 1777 societati
908 1731 1174 1777 nocere
1218 1712 1468 1795 possit.

471 1821 679 1885 Haec
716 1821 1128 1903 Principum
1158 1821 1560 1903 permissiO,
1592 1838 1780 1903 quae
1802 1820 2170 1904 Placitum,
2197 1821 2543 1886 Placitum

303 1931 579 2013 regium,
620 1929 1046 2011 Eaeequatur,
1084 1929 1346 2010 Placet,
1369 1929 1660 2013 Reyium
1694 1928 2105 2012 Eoeeqtmtur
2137 1928 2257 1993 vel
2283 1929 2540 1992 Parea'-

305 2045 407 2101 tur
439 2037 749 2119 aliisque
786 2037 1192 2099 nominibus
1230 2037 1597 2119 designari
1632 2037 1846 2119 solet,
1885 2054 2031 2101 non
2067 2035 2261 2119 apud
2294 2052 2542 2099 omnes

305 2143 627 2207 eamdem
665 2145 836 2223 vim,
876 2155 1162 2207 sensum
1200 2151 1272 2207 et
1308 2143 1805 2208 extensionem
1866 2144 2143 2207 obtinet
2175 2148 2256 2207 ut
2309 2159 2402 2206 ex
2435 2159 2542 2206 se-

305 2253 681 2333 quentibus
722 2251 1254 2313 definitionibus
1288 2252 1538 2334 liquet.

475 2357 585 2421 95.
683 2361 974 2443 Reyz'um
1008 2361 1439 2441 Eaeequatur,
1470 2359 1531 2422 si
1571 2358 1964 2440 genuinam
1995 2359 2150 2440 ejus
2178 2358 2545 2421 notionem

307 2467 589 2548 assequi
626 2467 956 2548 velimus,
994 2467 1264 2548 triplici
1300 2466 1738 2548 acceptione
1796 2483 1928 2548 pro
1984 2466 2545 2547 uniuscujusque

303 2574 601 2638 scholae
637 2574 1014 2656 principiis
1048 2576 1375 2638 sumitur.

477 2682 708 2746 Juxta
736 2684 1184 2762 jansenistas
1220 2688 1292 2746 et
1327 2683 1718 2765 regalistas
1754 2682 1876 2765 qui
1908 2683 2279 2768 riyidae’ores
2324 2681 2545 2747 nomi-

307 2796 593 2872 nantur,
633 2792 734 2854 uti
772 2792 1180 2872 Van-Spem,
1222 2792 1475 2872 Eybel,
1513 2791 1962 2872 Tamburini,
1993 2791 2151 2854 Tan
2174 2791 2360 2871 ueci,
2420 2790 2546 2853 Pe·-

305 2900 521 2980 reira,
589 2898 912 2980 Aranda,
982 2899 1572 2978 Floridablanca,
1634 2898 2075 2962 Villanueva
2132 2898 2549 2980 caeterique

309 3006 627 3086 ejusdem
659 3006 984 3084 furfuriS,
1024 3008 1316 3090 Reyiwm
1350 3004 1763 3088 Exeqnatur
1819 3004 2176 3069 definitur:
2245 3003 2548 3068 “Decre-

309 3116 451 3176 tum
485 3112 842 3196 Prineipis
880 3114 1444 3194 publicationem
1480 3116 1552 3175 et
1586 3112 2155 3194 exequutionem
2191 3108 2545 3175 Constitu·

311 3220 577 3284 tionum
613 3218 1154 3284 Pontifieiarum
1180 3222 1254 3282 in
1290 3238 1421 3282 sua
1454 3219 1730 3282 ditione
1793 3218 2308 3300 permittentiS,
2345 3234 2550 3300 prae-

311 3328 423 3390 vio
487 3328 906 3390 earumdem
970 3328 1304 3406 examine
1371 3330 1588 3410 atque
1660 3327 2223 3408 approbatione,
2262 3331 2336 3389 'et
2386 3325 2552 3406 jure

315 3434 764 3514 Principatui
796 3434 1274 3518 inhaerenti.„

483 3540 898 3606 Secundum
934 3560 1112 3606 vero
1144 3541 1619 3622 jansenianos
1687 3544 1761 3604 et
1805 3530 2106 3603 ⁴aulicos
2170 3538 2294 3621 qui
2327 3539 2553 3602 mitio-

319 3668 421 3712 res
456 3648 824 3728 videntur,
864 3650 994 3712 sub
1024 3650 1310 3712 nomine
1334 3648 1595 3713 Placiti
1620 3648 1820 3732 Reyii
1851 3646 2210 3711 usuvenit:
2247 3644 2554 3708 “Decre-

323 3758 463 3818 tum
496 3756 858 3836 Prineipis
894 3756 1437 3836 evulgationem
1477 3757 1550 3818 et
1614 3753 2160 3818 observantiam
2198 3749 2554 3818 Constitu·

321 3862 591 3928 tionum
657 3862 1252 3944 Disciplinarium
1308 3863 1381 3926 in
1448 3861 1596 3925 suis
1661 3859 1996 3923 dominiis
2060 3857 2552 3963 concedentis,

321 3972 720 4050 praemissa
792 3972 1182 4050 revisione,
1256 3973 1325 4034 et
1384 3969 1459 4035 vi
1484 3969 1756 4050 jurium
1792 3965 2166 4051 (regalias)
2201 3983 2393 4048 quae
2444 3966 2555 4031 su-

323 4080 722 4156 prematiae
758 4080 992 4160 regali
1030 4079 1514 4161 competunt„
1681 4141 1686 4148 ,

493 4186 706 4266 Apud
732 4186 1128 4248 catholicos
1166 4190 1406 4248 autem
1438 4184 1681 4248 Placet
1707 4185 2196 4266 nuncupatur:
2245 4180 2558 4249 “Decre-

335 4296 473 4354 tum
509 4292 864 4374 Principis
892 4294 1198 4358 liberam
1224 4291 1795 4373 divulgationem
1843 4296 1915 4355 et
1968 4291 2559 4375 adimpletionem
