3332 5100
1665 352 2027 412 ...244-

729 513 1051 578 recussa,
1092 494 1585 579 (tungrenses,
1613 494 2091 577 LaodicenOS,
2120 496 2614 560 Antiochenos
2650 498 2721 560 et
2755 492 2976 560 Cons-

728 603 1408 688 tantinopolitanos3
1473 608 1621 668 tum
1689 621 2008 668 canones
2063 603 2290 686 ipsius
2360 602 2977 668 Chalcedonensis

730 709 1027 795 synodi,
1088 711 1353 777 omisso
1408 711 1658 776 ultimo
1716 712 1857 794 (28)
1925 710 2016 776 de
2086 712 2512 792 aequalibus
2570 710 2977 792 privilegiis

730 817 1257 902 Episcoporum
1285 817 1590 883 Romani
1624 820 1700 883 et
1762 817 2550 900 constantinopolitani
2604 836 2648 880 a
2696 816 2977 882 Latinis

731 942 1125 1008 numquam
1157 929 1484 1008 recepto;
1519 928 1671 990 tum
1706 925 1927 990 etiam
1983 924 2476 1004 sardicensem
2540 926 2849 1008 denique
2885 942 2979 986 ex

731 1031 979 1096 latinis
1042 1031 1173 1095 130
1235 1048 1556 1097 canones
1618 1030 2034 1113 AfricanOS,
2098 1034 2364 1114 partim
2414 1032 2819 1114 descriptos
2885 1048 2979 1094 ex

734 1136 1058 1209 Concilio
1096 1135 1711 1220 Carthaginiensi,
1749 1138 1943 1221 quod
1969 1157 2160 1202 anno
2194 1138 2328 1202 419
2354 1140 2805 1204 celebratum
2839 1142 2973 1218 est,

732 1245 1003 1328 partim
1037 1244 1368 1311 conditos
1402 1245 1527 1311 vel
1581 1245 2047 1311 confirmatos
2102 1248 2178 1310 in
2242 1248 2612 1312 veteribus
2670 1246 2979 1328 Synodis

732 1350 1125 1419 Africanis,

912 1458 998 1523 In
1031 1457 1352 1525 secunda
1401 1461 1614 1542 parte
1678 1458 2164 1525 Romanorum
2228 1460 2654 1524 Pontificum
2711 1458 2979 1522 Decre-

735 1566 922 1630 talcs
979 1565 1300 1646 collegit,
1340 1564 1757 1648 incipiendo
1829 1583 1875 1629 a
1935 1564 2240 1649 Syricio,
2304 1568 2426 1648 qui
2472 1564 2979 1628 Pontificatum

734 1671 963 1754 gessit
985 1672 1118 1736 sub
1151 1672 1294 1735 fine
1330 1671 1607 1736 saeculi
1640 1670 1743 1736 IV
1790 1671 2001 1757 (385),
2069 1678 2142 1737 et
2206 1672 2600 1736 desinendo
2652 1674 2849 1735 circa
2903 1672 2979 1734 fi-

733 1795 901 1844 nem
933 1779 1208 1843 saeculi
1236 1778 1304 1843 .V
1338 1778 1432 1843 ad
1476 1776 1541 1843 S.
1610 1778 2079 1843 Anastasium
2126 1780 2218 1862 II,
2288 1780 2408 1862 qui
2472 1780 2981 1844 Pontificatum

739 1884 1048 1949 obtinuit
1085 1902 1310 1967 usque
1338 1884 1431 1948 ad
1466 1902 1737 1948 annum
1767 1884 1903 1950 498
1936 1886 2057 1967 (l).

914 1989 1273 2055 Methodus
1301 1993 1374 2054 et
1406 1989 1769 2056 Eaetensio.
1867 1990 2260 2074 Dionysius
2297 1996 2446 2056 tam
2500 1994 2576 2056 in
2630 1990 2983 2056 Concilio-

737 2113 896 2160 rum
930 2097 1330 2162 canonibus
1360 2098 1816 2180 colligendis,
1851 2110 2070 2181 quam
2101 2102 2174 2164 in
2224 2100 2520 2164 edendis
2556 2100 2983 2164 Pontificum

735 2202 1248 2269 Decretalibus
1309 2204 1637 2269 ordinem
1701 2208 2105 2288 temporum
2162 2212 2506 2288 sequutus
2566 2212 2696 2288 est,
2769 2208 2981 2270 docu-

738 2315 982 2376 menta
1015 2311 1303 2394 integra
1334 2313 1690 2394 referenS,
1760 2315 1832 2377 et
1882 2313 2168 2395 quidem
2204 2314 2514 2378 fideliter
2550 2315 2983 2394 interpreta-

738 2421 815 2482 ta
849 2422 921 2482 et
951 2419 1408 2484 correctione
1438 2421 1823 2501 castigata,
1875 2420 2065 2484 unde
2114 2440 2258 2484 non
2324 2424 2554 2484 solum
2624 2422 2979 2504 perfecta,

737 2527 866 2594 sed
901 2528 1093 2593 omni
1129 2528 1645 2595 aestimatione
1679 2527 1902 2594 valde
1941 2528 2162 2612 digna
2194 2530 2560 2593 censenda
2596 2532 2729 2593 est.

916 2635 1070 2701 213.
1182 2637 1392 2703 Valor
1441 2641 1515 2701 et
1573 2634 2001 2701 Auctoritas.
2100 2635 2304 2715 Quod
2340 2637 2432 2699 ad
2488 2637 2989 2717 Dionysianae

741 2739 1205 2808 Collectionis
1240 2744 1573 2809 valorem
1623 2744 1912 2825 attinet,
1966 2744 2294 2807 omnibus
2362 2747 2811 2825 compertum
2877 2745 2987 2805 est

739 2847 931 2913 hunc
966 2847 1303 2915 Codicem
1349 2851 1672 2917 historice
1734 2852 2146 2932 spectatum
2204 2851 2396 2933 apud
2460 2851 2761 2915 Latinos
2817 2867 2985 2911 una-

741 2955 1028 3021 nimiter
1062 2957 1285 3021 fuisse
1318 2960 1698 3040 receptum
1754 2960 1827 3020 et
1860 2956 2252 3021 maximam
2312 2959 2448 3021 sibi
2498 2957 2987 3039 promeruisse

742 3063 1353 3128 existimationem
1449 3062 1570 3147 (2).
1658 3062 1743 3126 In
1834 3063 2088 3128 ordine
2178 3067 2546 3151 scientifico
2634 3063 2989 3147 eJusmodi

743 3171 1160 3254 compilatio
1198 3172 1391 3238 omni
1425 3170 1566 3238 fido
1602 3171 2029 3254 dignissima
2095 3191 2382 3253 semper
2416 3173 2668 3235 habita
2696 3175 2807 3235 est
2841 3175 2987 3235 tum

742 3280 1043 3359 propter
1079 3279 1493 3346 collectoris
1527 3278 1910 3343 scientiam
1967 3278 2556 3362 singularemque
2622 3279 2985 3361 peritiam,

744 3400 907 3447 cum
942 3385 1031 3450 ob
1067 3386 1389 3467 ejnsdem
1424 3386 1972 3470 integerrimam
2041 3389 2478 3469 probitatem
2540 3405 2727 3469 quae
2791 3387 2985 3449 falsi—

889 3620 967 3687 (1)
1038 3616 1293 3671 Censent
1317 3617 1525 3671 eruditi
1551 3616 1892 3683 Dionysium
1920 3620 2162 3685 primam
2194 3635 2334 3673 suae
2376 3619 2727 3673 collectionis
2773 3631 2989 3687 partem

743 3695 842 3747 aut
860 3690 970 3745 sub
996 3688 1305 3742 Anastasio
1354 3689 1412 3741 11
1460 3693 1559 3742 aut
1608 3689 1718 3742 sub
1767 3688 2126 3759 Symmacho,
2176 3695 2272 3757 qui
2318 3693 2578 3759 proxime
2622 3693 2987 3745 Anastasium

742 3767 1020 3831 sequutus
1056 3766 1164 3826 est,
1217 3761 1483 3824 edidisse;
1533 3760 1637 3813 sed
1687 3766 1908 3828 partem
1957 3763 2190 3815 alteram
2244 3769 2374 3829 post
2422 3765 2715 3815 Anastasii
2769 3764 2991 3815 obitum

740 3834 891 3889 certe
919 3834 1206 3900 vulgatam
1235 3848 1377 3886 esse.
1419 3832 1565 3884 Nam
1609 3832 1671 3884 in
1718 3847 1787 3884 ea
1830 3837 1967 3885 sunt
2006 3835 2292 3887 Anastasii
2344 3837 2636 3901 epistolae,
2680 3851 2799 3885 non
2853 3837 2989 3887 item

742 3905 1086 3973 Symmachi,
1108 3908 1165 3957 et
1190 3920 1318 3957 cum
1347 3902 1661 3970 Dionysius
1688 3903 1839 3956 dicat
1862 3919 1919 3957 sc
1949 3906 2380 3971 praeteritorum
2434 3905 2592 3957 Sedis
2648 3905 2993 3973 Apostolicac

738 3975 1068 4030 Praesulum
1091 3974 1385 4029 constituta
1410 3974 1694 4042 collegisse,
1717 3975 1909 4042 aperte
1949 3978 2162 4028 eruitur
2188 3979 2336 4029 hanc
2364 3991 2598 4045 partem,
2642 3993 2787 4045 quae
2817 3981 2989 4029 Anas·

742 4048 874 4102 tasii
899 4048 1185 4113 Epistolas
1202 4047 1393 4112 habet,
1415 4062 1482 4098 eo
1511 4052 1731 4098 mortuo
1758 4048 1815 4099 in
1843 4048 2027 4099 lucem
2054 4049 2264 4100 editam
2288 4049 2486 4101 fuisse.

887 4123 962 4185 (2)
1035 4119 1227 4171 Medio
1255 4119 1339 4171 VI
1367 4119 1610 4184 saecu10,
1637 4117 2014 4171 Cassiodorus
2040 4119 2246 4186 ajebat:
2282 4119 2422 4187 Quos
2450 4121 2733 4187 (alludens
2783 4137 2991 4187 nempe

745 4205 991 4246 canones
1020 4187 1269 4243 Graecos
1294 4205 1329 4241 a
1349 4190 1624 4259 Dionysio
1649 4188 1827 4243 latine
1852 4191 2124 4257 redditos)
2172 4191 2324 4245 hodic
2372 4207 2474 4245 usu
2520 4192 2857 4247 celeberrimo
2885 4189 2989 4243 Ec-

745 4260 911 4316 clesia
934 4260 1190 4314 Romana
1214 4259 1600 4329 complectitur.
