3332 5100
1287 300 1643 362 -207-

354 447 729 531 palensem
762 446 1077 529 accepit,
1110 464 1327 529 quam
1351 463 1715 529 occupare
1743 445 2039 511 minime
2099 445 2360 528 potuit,
2414 464 2582 528 quo-

354 555 547 620 niam
582 555 944 621 Romanus
971 553 1310 618 Pontifex
1343 554 1771 618 aviditatem
1807 557 1880 618 et
1944 552 2313 617 audatiam
2376 554 2584 634 hujus

353 662 715 728 Praesulis
749 662 963 745 primi
996 660 1325 726 Coronae
1364 660 1802 743 Consiliarii,
1840 662 2094 744 aperte
2152 678 2582 742 agnoscens«,

351 769 598 834 Bullas
634 768 1219 835 Confirmationis
1267 768 1617 851 expedire
1674 768 1926 849 noluit,
1968 767 2200 832 donec
2232 767 2432 851 prius
2468 768 2584 832 Se-

353 876 447 959 di,
485 894 704 960 quam
730 876 1175 958 possidebat,
1223 877 1702 942 renuntiaret.
1772 875 1975 941 Tunc
2027 875 2374 939 Alberoni
2438 876 2584 938 vio-

349 986 578 1050 lentia
613 984 869 1050 ductus
895 984 1268 1049 decretum
1295 984 1520 1049 edidit
1553 1003 1746 1048 anno
1815 983 2009 1064 1718,
2078 982 2154 1047 in
2201 999 2340 1065 quo
2398 982 2582 1046 Nun-

350 1090 491 1154 tius
527 1089 1047 1174 dimittebatur,
1076 1090 1588 1155 commercium
1613 1108 1777 1155 cum
1811 1089 1998 1153 Aula
2022 1088 2344 1153 Romana
2372 1090 2588 1152 inter-

351 1195 756 1277 dicebatur,
791 1197 1384 1278 praecipiebatur
1418 1196 1636 1261 etiam
1672 1199 1753 1259 ut
1787 1213 2034 1260 omnes
2067 1195 2376 1278 Hispani
2432 1198 2588 1260 abs-

352 1321 489 1386 que
525 1303 679 1368 ulla
714 1304 1146 1386 exceptione
1172 1303 1443 1368 Romae
1469 1307 2001 1368 commorantes
2054 1303 2145 1367 ab
2201 1302 2396 1367 Urbe
2458 1304 2590 1366 Ae-

350 1411 565 1474 terna
593 1410 904 1492 exirent;
957 1416 1029 1475 et
1062 1409 1422 1475 desiderio
1477 1410 1930 1492 suppositam
1991 1409 2331 1491 injuriam
2386 1410 2594 1472 ulcis-

352 1516 566 1581 cendi
590 1517 910 1600 flagrans
942 1535 1026 1582 eo
1065 1536 1290 1601 usque
1326 1520 1687 1600 pervenit,
1722 1524 1797 1583 ut
1831 1519 2360 1600 Theologorum
2420 1516 2592 1582 Coe-

354 1628 503 1688 tum
538 1625 961 1690 consuleret
989 1629 1225 1690 utrum
1259 1625 1603 1708 Episcopi
1638 1631 1961 1708 possent,
1993 1627 2206 1708 juxta
2268 1632 2596 1690 veterem

353 1731 848 1815 disciplinam,
887 1733 961 1796 in
996 1733 1354 1816 Hispania
1411 1733 1853 1816 confirmari,
1908 1734 2082 1816 quin
2111 1749 2446 1797 recursus
2504 1732 2596 1796 ad

349 1839 653 1904 Romam
685 1839 1100 1905 haberetur.

527 1944 634 2010 4.·²
733 1946 1102 2028 Ejusmodi
1137 1946 1655 2012 violentiarum
1703 1951 1778 2013 et
1841 1948 2301 2013 coactionum
2358 1966 2596 2012 cumu-

350 2055 462 2118 lus
491 2051 963 2119 Cardinalem
994 2053 1342 2119 Alberoni
1368 2072 1407 2119 e
1429 2054 1729 2137 cuspide
1762 2055 2039 2138 gloriae
2068 2057 2140 2119 et
2165 2060 2596 2138 praepoten-

352 2159 498 2224 tiae
528 2158 609 2223 in
633 2160 1054 2241 generalem
1089 2161 1701 2243 contemptionem
1734 2166 1952 2245 atque
1980 2162 2279 2226 totalem
2314 2164 2597 2226 ruinam

354 2267 861 2350 deturbarunt3
892 2268 1021 2332 sed
1056 2272 1302 2333 tamen
1330 2273 1494 2351 post
1541 2270 1827 2353 lapsum
1859 2272 2070 2352 huJus
2118 2270 2295 2336 elati
2360 2270 2596 2334 Aulioi

353 2375 891 2459 negotiationes
976 2376 1250 2441 Matriti
1314 2385 1805 2460 prosequutae
1886 2384 2074 2459 sunt,
2136 2384 2209 2442 et
2264 2380 2596 2460 quamvis

356 2501 547 2548 anno
577 2482 749 2548 1736
775 2483 1168 2549 relationes
1199 2485 1459 2549 iterum
1524 2485 1896 2568 disruptae
1960 2485 2231 2549 fuerint
2297 2492 2598 2568 propter

357 2598 797 2675 exageratas
821 2591 1056 2657 Aulae
1080 2592 1524 2677 Hispanicae
1554 2594 2104 2676 praetensiones
2129 2594 2368 2677 quoad
2392 2612 2596 2675 rega-

355 2700 528 2766 liam
582 2700 627 2767 J
633 2702 778 2765 uris
844 2704 1302 2783 patronatuS,
1356 2702 1499 2766 cito
1548 2701 1843 2766 tandem
1883 2700 1978 2764 ad
2033 2705 2352 2764 mutuam
2410 2701 2600 2765 inter

356 2812 740 2891 utramque
765 2811 1199 2891 potestatem
1233 2808 1796 2889 intelligentiam
1825 2813 2256 2890 perventum
2283 2815 2414 2871 est.

541 2917 916 3003 objectum.
1011 2916 1169 2981 Hoc
1203 2913 1737 2981 Concordatum
1771 2916 1857 2980 26
1893 2916 2221 2981 articulis
2286 2919 2594 2978 constat:

356 3022 430 3087 in
456 3040 542 3087 eo
583 3024 962 3088 restitutae
995 3026 1287 3089 fuerunt
1320 3025 1718 3089 relationes
1747 3043 1906 3090 cum
1933 3024 2117 3089 Sede
2145 3024 2594 3106 Apostolica3

356 3129 626 3195 Nuntio
662 3136 736 3195 et
765 3131 1139 3195 Tribunali
1173 3130 1657 3195 Nuntiaturae
1690 3131 1954 3195 redditi
1989 3136 2155 3195 sunt
2199 3149 2444 3194 omnes
2480 3131 2598 3193 ho-

357 3255 600 3319 nores,
631 3238 1172 3322 jurisdictiones
1210 3245 1281 3303 et
1313 3239 1908 3321 praerogativae,
1934 3239 2190 3321 quibus
2226 3244 2442 3301 antea
2480 3257 2596 3319 po-

363 3345 758 3427 tiebantur;
799 3346 1010 3429 plura
1043 3346 1289 3428 capita
1324 3346 1416 3409 ad
1459 3348 1630 3427 jura
1688 3347 1922 3411 realia
1988 3351 2059 3410 et
2123 3345 2596 3429 episcopalia,

364 3452 454 3515 ad
479 3454 600 3534 jus
636 3452 848 3534 asyli,
889 3452 982 3516 ad
1014 3453 1206 3517 bona
1240 3454 1771 3536 ecclesiastica,
1808 3453 2164 3518 beneficia
2222 3453 2600 3535 parochia·
2686 3453 2702 3477 ⁸

362 3558 460 3622 lia
493 3560 1101 3644 disciplinamque
1133 3562 1552 3644 generalem
1590 3562 2036 3645 pertinentia
2071 3562 2447 3625 immutata
2482 3561 2598 3623 vel

364 3665 738 3731 moderata
768 3667 999 3731 fuere.

541 3769 1062 3837 Controversia
1096 3773 1186 3837 de
1213 3774 1437 3856 Regio
1473 3773 1875 3839 Patronatu
1906 3774 2080 3838 licet
2106 3790 2251 3837 non
2277 3772 2596 3855 definita,

365 3877 492 3943 sed
521 3880 803 3944 tantum
836 3883 1235 3963 prorogata
1293 3881 1534 3964 fuerit,
1596 3884 1752 3964 jam
1808 3882 1883 3946 in
1947 3882 2085 3945 hoc
2147 3878 2598 3945 Concordato

367 3988 669 4051 tractari
705 3987 971 4070 coepit,
1011 3988 1281 4052 etenim
1305 3990 1636 4070 personis
1671 4008 1714 4053 a
1737 3989 2083 4081 Romano·
2118 3988 2466 4053 Pontifice
2532 3995 2604 4053 et

371 4090 744 4160 Catholica
765 4094 1147 4177 Majestate
1168 4096 1527 4179 deputatis
1559 4096 2016 4162 commissum
2036 4100 2145 4160 est
2169 4096 2470 4160 articulo
2486 4097 2596 4177 25,

372 4204 446 4264 ut
497 4202 987 4268 fundamentis
1020 4203 1356 4287 utrinque
1416 4205 1659 4271 allatis
1680 4204 2011 4287 diligenti
2031 4207 2105 4269 et
2123 4207 2406 4269 maturo
2436 4223 2600 4270 exa-
