3332 5100
1242 314 1597 374 -339—

294 460 365 519 ni
398 458 671 535 generis
702 474 784 517 ac
813 458 1259 532 Redemptore
1292 457 1522 516 claves
1558 458 1756 532 regni
1785 458 2074 534 accepitz
2128 460 2242 534 qui
2294 460 2382 519 ad
2411 461 2539 519 hoc

295 556 510 615 usque
543 548 808 613 tempus
864 545 930 597 et
985 554 1250 613 semper
1292 538 1356 596 in
1405 539 1543 598 suis
1593 540 2125 614 successoribuS,
2192 540 2544 616 Episcopis

297 620 592 681 Sanctae
622 620 964 678 Romanae
995 618 1211 692 Sedis,
1261 620 1347 677 ab
1397 620 1541 693 ipso
1581 619 1930 694 fundatae,
1980 622 2260 694 ejusque
2310 637 2539 680 conse·

297 709 530 761 cratae
564 700 917 774 sanguine,
953 700 1127 757 vivit
1163 706 1229 757 et
1272 699 1614 773 praesidet
1644 708 1712 758 et
1736 700 2070 773 judicium
2100 708 2378 761 exercet
2420 701 2567 781 (1).·ν

295 782 492 843 Unde
533 782 941 854 quicumque
972 780 1042 838 in
1072 781 1198 838 hac
1232 778 1566 839 Cathedra
1597 780 1795 839 Petro
1828 781 2154 854 succedit,
2209 782 2265 839 is
2308 798 2541 841 secun-

196 900 198 905 ·
296 863 458 922 dum
491 860 740 921 Christi
768 860 981 935 ipsius
1029 860 1518 919 institutionem
1551 861 1912 935 primatum
1955 860 2138 920 Petri
2180 860 2249 919 in
2274 863 2541 921 univer-

297 959 442 1002 sam
474 941 853 1001 Ecclesiam
884 939 1160 999 obtinet.
1195 940 1422 999 Manet
1472 957 1636 1015 ergo
1694 941 2041 1016 dispositio
2094 942 2427 1016 veritatis,
2476 948 2545 1001 et

301 1024 543 1082 beatus
573 1021 814 1080 Petrus
863 1021 932 1079 in
989 1027 1273 1095 accepta
1321 1021 1721 1080 fortitudine
1780 1028 2015 1096 petrae
2066 1038 2540 1097 perseverane,

299 1108 618 1177 suscepta
647 1102 996 1160 Ecclesiae
1053 1102 1522 1175 gubernacula
1569 1118 1705 1161 non
1752 1102 2029 1176 reliquit
2078 1101 2194 1182 (2).
2253 1102 2402 1163 Hac
2457 1104 2543 1161 de

297 1200 506 1243 causa
550 1183 639 1241 ad
665 1182 1032 1241 Romanam
1066 1182 1441 1241 Ecclesiam
1492 1188 1769 1257 propter
1798 1183 2242 1257 potentiorem
2295 1184 2543 1258 princi-

295 1265 654 1340 palitatem
674 1277 952 1321 necesse
980 1277 1245 1337 semper
1285 1269 1433 1320 erat
1458 1279 1721 1321 omnem
1756 1264 2117 1322 convenire
2141 1263 2542 1336 Ecclesiam,

294 1346 425 1403 hoc
459 1350 578 1420 est,
611 1359 747 1417 eOS,
783 1343 897 1417 qui
932 1349 1088 1401 sunt
1117 1342 1417 1416 undique
1450 1344 1708 1416 fideleS,
1743 1350 1818 1401 ut
1859 1344 1931 1403 in
1963 1360 2041 1402 ea
2072 1342 2268 1417 Sede,
2323 1348 2359 1403 e
2410 1360 2547 1417 qua

293 1424 733 1485 venerandae
769 1423 1255 1483 communionis
1279 1424 1437 1497 jura
1459 1424 1530 1482 in
1556 1440 1785 1483 omnes
1805 1424 2172 1501 dimanant,
2200 1431 2545 1498 tamquam

293 1505 602 1565 membra
645 1505 716 1562 in
745 1504 969 1577 capite
1001 1504 1414 1578 consociata,
1449 1504 1518 1563 in
1546 1521 1751 1565 unam
1804 1506 2106 1580 corporis
2150 1520 2547 1580 compagem

295 1587 765 1645 coalescerent
800 1584 916 1664 (3).

390 1702 395 1707 -
462 1664 532 1726 Si
582 1665 731 1739 quis
762 1680 924 1739 ergo
966 1664 1220 1722 dixerit
1251 1679 1386 1723 non
1429 1680 1578 1723 esse
1609 1679 1699 1723 ex
1726 1664 1937 1739 ipsius
1972 1662 2221 1725 Christi
2278 1665 2547 1724 Domini

295 1745 721 1806 institutione
755 1760 874 1803 seu
897 1746 1050 1818 jure
1082 1743 1333 1816 divino,
1365 1750 1441 1802 ut
1469 1745 1713 1804 beatus
1744 1744 1984 1804 Petrus
2014 1746 2083 1803 in
2115 1746 2410 1821 primatu
2439 1760 2543 1805 su-

294 1843 419 1902 per
448 1827 837 1886 universam
862 1825 1236 1883 Ecclesiam
1265 1824 1517 1883 habeat
1541 1833 1900 1899 perpetuos
1930 1841 2379 1901 successores;
2428 1832 2546 1884 aut

293 1910 672 1967 Romanum
700 1905 1092 1964 Pontificem
1121 1921 1255 1964 non
1286 1920 1432 1964 esse
1463 1906 1648 1965 beati
1684 1905 1870 1965 Petri
1890 1906 1962 1966 in
1992 1906 2227 1966 eodem
2253 1907 2548 1982 primatu

296 2003 784 2061 successorem3
818 1987 1178 2075 anathema
1207 1985 1315 2044 sit.

1201 2181 1484 2244 CAPUT
1526 2183 1646 2244 III.

611 2301 709 2360 De
740 2302 808 2360 vi
837 2306 898 2360 et
925 2301 1182 2360 ratione
1201 2301 1538 2379 primatus
1566 2302 1856 2361 Romani
1884 2302 2239 2377 Pontificis.

463 2478 890 2556 Quapropter
923 2478 1222 2555 appertis
1254 2479 1476 2538 innixi
1532 2494 1882 2538 sacrarum
1934 2478 2313 2538 litterarum
2364 2478 2549 2537 testi*

294 2562 567 2635 moniis,
605 2568 671 2620 et
713 2562 1148 2620 inhaerentes
1179 2567 1319 2619 tum
1349 2562 1951 2633 praedecessorum
2002 2567 2382 2618 nostrorum
2427 2560 2549 2618 Ro·

296 2659 652 2703 manorum
684 2641 1106 2713 Pontificum,
1136 2649 1273 2701 tum
1319 2639 1768 2700 Conciliorum
1798 2641 2221 2714 generalium
2254 2641 2547 2712 disertiS,
2604 2685 2625 2706 .

296 2723 817 2800 perspicuisque
849 2722 1165 2796 decretis,
1193 2722 1596 2780 innovamus
1627 2721 2046 2780 oecumenici
2091 2719 2374 2780 Concilii
2404 2721 2550 2780 Flo-

294 2804 554 2864 rentini
602 2803 1082 2876 definitionem,
1134 2818 1267 2877 qua
1319 2803 1733 2861 credendum
1792 2803 1880 2860 ab
1939 2802 2249 2860 omnibus
2306 2799 2551 2862 Christi

295 2884 617 2944 fidelibus
678 2889 803 2956 est,
858 2882 1177 2942 Sanctam
1231 2883 1691 2956 Apostolicam
1736 2881 2000 2954 Sedem,
2062 2889 2129 2940 et
2180 2881 2553 2941 Romanum

295 2965 699 3024 Pontificem
728 2965 799 3022 in
829 2963 1222 3023 universum
1272 2964 1504 3022 orbem
1538 2968 1772 3022 tenere
1804 2963 2186 3037 primatum,
2238 2969 2304 3020 et
2333 2963 2553 3036 ipsum

294 3045 697 3105 Pontificem
728 3043 1100 3103 Romanum
1133 3059 1593 3103 successorem
1639 3059 1788 3102 esse
1839 3042 2023 3101 beati
2065 3041 2270 3116 Petri,
2306 3043 2550 3116 princi-

295 3127 409 3202 pis
465 3125 956 3201 Apostolorum,
1018 3130 1086 3183 et
1142 3139 1379 3183 verum
1452 3122 1700 3183 Christi
1756 3123 2125 3202 Vicarium,
2212 3124 2551 3196 totiusque

295 3205 654 3266 Ecclesiae
686 3213 911 3280 caput,
965 3211 1031 3262 et
1079 3205 1374 3264 omnium
1407 3205 1929 3264 christianorum
1975 3211 2236 3278 patrem
2288 3219 2370 3261 ac
2402 3203 2552 3262 doc-

297 3295 519 3346 torem
569 3285 886 3358 existere,
923 3291 989 3342 et
1021 3285 1151 3360 ipsi
1194 3287 1261 3344 in
1295 3286 1494 3344 beato
1532 3285 1731 3344 Petro
1763 3285 2109 3359 pascendi,
2142 3283 2428 3358 regendi
2472 3299 2553 3341 ac

299 3367 737 3444 gubernandi
768 3367 1224 3425 universalem
1254 3365 1633 3425 Ecclesiam
1684 3370 1724 3424 a
1776 3365 2058 3424 Domino
2110 3372 2336 3423 nostro
2388 3363 2558 3424 Jesu

299 3447 569 3508 Christo
601 3448 870 3521 plenam
927 3453 1329 3520 potestatem
1381 3447 1701 3505 traditam
1754 3462 1927 3520 esse3
1991 3445 2555 3519 quemadmodum

299 3529 510 3588 etiam
541 3527 610 3586 in
642 3527 852 3603 gestis
883 3527 1470 3586 oecumenicorum
1508 3524 1966 3586 Conciliorum
1995 3533 2062 3585 et
2104 3526 2175 3583 in
2205 3525 2417 3584 sacris
2448 3540 2553 3582 ca-

298 3609 596 3670 nonibus
629 3607 1035 3667 continetur.

465 3689 797 3748 Docemus
824 3688 1104 3763 proinde
1139 3694 1208 3746 et
1236 3687 1688 3759 declaramus,
1741 3685 2119 3744 Ecclesiam
2160 3682 2551 3758 Romanam,

301 3768 706 3844 disponente
730 3768 1035 3842 Domino,
1073 3783 1274 3842 super
1307 3783 1536 3827 omnes
1588 3768 1758 3827 alias
1790 3765 2175 3825 ordinariae
2204 3765 2557 3840 potestatis

453 3964 532 4034 (1)
607 3965 694 4020 Cf.
735 3964 1010 4034 Ephesini
1036 3963 1292 4033 Concilii,
1337 3964 1461 4020 Act.
1508 3966 1613 4034 111,
1640 3969 1699 4018 et
1741 3965 1793 4018 S.
1844 3965 1997 4018 Petri
2046 3962 2308 4031 Chrysol.
2357 3978 2445 4030 ep.
2484 3964 2557 4016 ad

304 4036 554 4173 Entyg?
581 4037 798 4164 pgeffgb
822 4109 899 4160 Μ.
928 4107 1104 4162 Serm.
1131 4108 1219 4161 ΙΙΙ
1245 4107 1322 4175 (al
1349 4108 1442 4175 II),
1469 4123 1591 4176 cap.
1619 4111 1668 4161 3.

455 4182 534 4246 (3)
609 4181 666 4232 S.
693 4181 843 4233 Iren.
871 4181 999 4235 adv.
1025 4181 1180 4236 haer.
1210 4180 1257 4231 1.
1283 4180 1385 4233 III.
1425 4195 1472 4232 c.
1501 4184 1548 4232 3.
1585 4184 1642 4234 et
1670 4178 1849 4246 Epist.
1877 4173 2047 4232 Cone.
2083 4176 2330 4245 Aquilej.
2359 4191 2403 4231 a.
2436 4181 2559 4242 381,

309 4251 386 4306 ad
408 4248 667 4306 Gratian.
695 4253 904 4319 Imper.
933 4268 977 4306 c.
1006 4255 1054 4304 4.
1084 4250 1170 4305 Cf.
1198 4251 1334 4304 Pius
1363 4251 1468 4319 VI,
1494 4252 1659 4306 Brev.
1691 4250 1873 4319 Super
1896 4247 2186 4305 soliditate.
