3332 5100
1641 335 1979 397 -216—

683 479 837 568 puli
873 480 1253 549 christiani
1292 482 1699 548 mirabilem
1733 485 2219 549 sanctitatem:
2283 487 2355 547 et
2401 481 2734 567 quamvis
2794 481 2924 549 ali-

683 610 828 674 qua
862 591 1172 656 concilia
1210 591 1349 656 hac
1395 593 1875 657 remotissima
1903 597 2145 657 aetate
2201 597 2460 657 coacta
2522 598 2710 675 sunt,
2778 613 2926 659 non

682 699 913 762 solum
948 698 1022 762 in
1058 696 1381 781 Oriente,
1417 700 1671 764 verum
1711 699 1927 763 etiam
1961 699 2035 763 in
2095 697 2516 783 Occidente,
2566 701 2922 765 nihilomi-

681 806 815 869 nus
850 823 1099 869 eorum
1136 805 1534 869 celebratio
1592 805 1831 869 causis
1903 807 2387 869 oeconomicis
2437 811 2510 871 et
2560 807 2924 887 adjunctis

681 912 1176 996 peculiaribus
1214 911 1600 976 tribuenda
1635 921 1769 993 est;
1836 913 2005 977 hinc
2067 931 2383 977 canones
2421 913 2514 977 ab
2570 915 2924 995 ejusmodi

684 1018 993 1103 Synodis
1053 1018 1233 1083 editi
1296 1022 1667 1101 tamquam
1723 1023 1995 1083 statuta
2047 1021 2526 1101 particularia
2588 1021 2926 1085 habenda

681 1126 899 1209 sunt,'
944 1126 1214 1209 quippe
1274 1126 1490 1191 iidem
1555 1127 1677 1192 vel
1741 1127 1835 1191 ad
1897 1127 2239 1191 haereses
2301 1131 2476 1191 tunc
2530 1129 2924 1209 gliscentes

683 1234 1132 1300 damnandas
1196 1234 1661 1317 spectabant,
1701 1237 1819 1299 vel
1857 1237 1949 1299 ad
2006 1235 2445 1299 dirimendas
2502 1239 2924 1301 controver-

683 1343 830 1407 sias
868 1341 957 1406 de
993 1341 1641 1426 quartodecimanis,
1677 1345 2283 1427 rebaptizantibus,
2323 1345 2564 1429 lampaia,
2602 1349 2740 1409 etc.
2778 1335 2926 1409 res-

681 1450 1074 1534 piciebant.

862 1555 1023 1638 Sed,
1062 1559 1448 1639 postquam
1484 1552 1999 1620 Constantinus
2031 1557 2335 1639 Magnus
2369 1575 2628 1639 pacem
2676 1557 2926 1621 Eccle-

682 1664 835 1728 siae
900 1664 1231 1745 contulit,
1312 1663 1568 1746 incipit
1615 1677 1809 1727 nova
1873 1665 2153 1745 epocha
2209 1667 2778 1749 oryam'zationiS,
2848 1667 2928 1729 in

683 1790 853 1856 qua,
893 1772 1058 1835 dum
1097 1772 1244 1835 alia
1278 1788 1370 1834 ex
1403 1777 1613 1853 parte
1671 1777 1743 1833 et
1799 1771 2037 1853 quoad
2103 1773 2427 1835 ordinem
2486 1773 2926 1837 exteriorem

683 1880 965 1960 legibus
1002 1878 1340 1943 civilibus
1376 1878 1727 1961 recipitur
1763 1881 2005 1963 reliyz'o
2063 1881 2401 1944 catholica
2470 1881 2544 1943 in
2608 1879 2926 1961 Imperio

681 1988 1031 2067 Romano,
1085 1986 1507 2067 agnoscitur
1560 1989 1931 2051 exsistentia
1979 1989 2225 2071 Zeyatz‘s
2285 1987 2686 2071 Ecclesiae,
2740 1989 2926 2069 ejus-

681 2114 821 2179 que
839 2097 1019 2181 jura
1050 2094 1497 2177 sanciuntur,
1536 2112 1627 2159 ex
1657 2095 1803 2157 alia
1833 2099 1905 2159 et
1959 2095 2199 2177 quoad
2257 2095 2580 2159 ordinem
2634 2097 2928 2161 interio-

682 2220 836 2269 rem
871 2202 1242 2267 evolvitur
1274 2202 1518 2287 doyma
1577 2203 2075 2285 christianum,
2127 2205 2654 2285 praescribitur
2712 2223 2930 2269 sacra

680 2311 997 2395 liturqia,
1038 2314 1422 2372 exercetur
1455 2310 1689 2374 cultus
1727 2309 2059 2391 publicus
2096 2309 2403 2373 solemni
2449 2313 2592 2375 ritu
2648 2315 2720 2375 et
2780 2331 2928 2375 ma-

680 2421 875 2485 ximo
914 2416 1328 2499 splendore,
1382 2422 1599 2499 atque
1659 2417 1969 2499 denique
2037 2419 2532 2481 consolidatur
2602 2419 2928 2501 regimen

683 2543 772 2591 ac
804 2522 1221 2590 constitutio
1290 2521 1665 2587 Ecclesiae
1731 2523 2207 2588 sanctissimis
2275 2525 2582 2606 legibus,
2626 2543 2924 2590 consen-

681 2633 917 2697 taneis
950 2629 1324 2712 institutiS,
1364 2630 1749 2712 multisque
1785 2630 2373 2710 disciplinaribus
2415 2632 2712 2712 regulis,

859 2739 1017 2804 Hoc
1051 2738 1309 2803 mirum
1342 2740 1637 2819 tamque
1697 2756 2037 2818 magnum
2109 2738 2680 2820 organizationis
2746 2756 2926 2822 opus

680 2848 1087 2928 inchoatur,
1121 2851 1589 2928 promovetur
1621 2850 1693 2908 et
1723 2846 2095 2926 perficitur
2123 2864 2253 2928 per
2283 2846 2682 2930 Epis-copes
2698 2846 2926 2928 Apos-

682 2957 995 3020 tolorum
1056 2970 1545 3035 successoreS,
1619 2956 2055 3036 praesertim
2119 2956 2297 3020 vero
2361 2974 2494 3036 per
2564 2956 2926 3020 Romanos

680 3061 1067 3128 Pontifices
1139 3059 1217 3125 B.
1275 3060 1471 3125 Petri
1567 3062 1929 3142 legitimos
1991 3080 2451 3126 successores
2534 3068 2604 3126 et
2660 3060 2928 3126 Christi

680 3169 998 3235 vicarios
1026 3167 1101 3232 in
1135 3164 1474 3232 Conciliis
1530 3170 1995 3250 generalibus
2061 3176 2131 3232 et
2181 3170 2748 3252 particularibus
2806 3170 2928 3234 ubi

681 3276 1235 3360 promulgantur
1297 3276 1813 3359 sapientissimi
1877 3278 2211 3342 Canones
2293 3280 2365 3342 et
2445 3278 2929 3340 saluberrima

681 3383 1025 3465 Decreta,
1065 3400 1367 3465 quorum
1411 3386 1889 3466 praestantia,
1935 3386 2315 3451 multitudo
2353 3390 2571 3468 atque
2602 3386 2926 3450 varietas

682 3489 1213 3556 confectionem
1243 3488 1586 3555 Codicum
1621 3494 2039 3558 necessario
2097 3494 2494 3576 postulant.
2563 3494 2672 3558 En
2736 3496 2928 3580 oriyo

682 3598 1206 3667 Collectionum
1238 3599 1508 3664 leviter
1546 3600 2005 3666 adumbrata.

888 3705 1096 3788 Quod
1161 3710 1449 3789 spectat
1508 3707 1603 3771 ad
1658 3708 2061 3788 utilitatem,
2103 3709 2468 3792 duplicem
2532 3710 2927 3792 praecipue

680 3815 1131 3901 commodum
1157 3814 1603 3896 ‚iurisperitis
1639 3816 1959 3878 afferunt
2025 3816 2209 3880 haec
2259 3818 2590 3898 ingentes
2648 3816 2926 3882 Collec-

681 3923 941 4001 tioneS,
1002 3922 1287 4004 nempe:
1354 3919 1454 3985 1.ο
1520 3922 1977 3986 facillitatem
2045 3924 2532 4010 cognoscendi
2616 3924 2928 4006 simplici

678 4030 928 4094 obtutu
956 4037 1171 4112 atque
1218 4026 1539 4092 habendi
1569 4028 1965 4094 conflatam
2031 4032 2105 4094 in
2163 4048 2301 4094 uno
2359 4030 2626 4094 Codice
2696 4032 2926 4094 eccle-

681 4138 1050 4205 siasticam
1086 4136 1639 4220 legislationem,
1707 4138 1981 4220 absque
2044 4138 2223 4202 rudo
2295 4144 2367 4202 et
2427 4140 2754 4222 improbo
2822 4142 2928 4206 la-

680 4246 857 4315 bore
892 4243 1203 4309 adeundi
1239 4250 1310 4309 et
1342 4246 1851 4328 perscrutandi
1885 4248 2207 4328 singulos
2265 4248 2449 4328 juris
2517 4248 2780 4332 fontes;
2812 4248 2922 4316 2.⁰
