<?xml version="1.0" encoding="UTF-8"?>
<!DOCTYPE html PUBLIC "-//W3C//DTD XHTML 1.0 Transitional//EN"
    "http://www.w3.org/TR/xhtml1/DTD/xhtml1-transitional.dtd">
<html xmlns="http://www.w3.org/1999/xhtml" xml:lang="en" lang="en">
 <head>
  <title>
</title>
<meta http-equiv="Content-Type" content="text/html;charset=utf-8" />
  <meta name='ocr-system' content='tesseract 3.04.00' />
  <meta name='ocr-capabilities' content='ocr_page ocr_carea ocr_par ocr_line ocrx_word'/>
</head>
<body>
  <div class='ocr_page' id='page_1' title='image "./introductioinju00ferngoog_0124.png"; bbox 0 0 3332 5100; ppageno 0'>
   <div class='ocr_carea' id='block_1_1' title="bbox 1687 341 2044 402">
    <p class='ocr_par' dir='ltr' id='par_1_1' title="bbox 1687 341 2044 402">
     <span class='ocr_line' id='line_1_1' title="bbox 1687 341 2044 402; baseline -0.006 -12"><span class='ocrx_word' id='word_1_1' title='bbox 1687 341 2044 402; x_wconf 72' lang='grc'><strong>..104-</strong></span> 
     </span>
    </p>
   </div>
   <div class='ocr_carea' id='block_1_2' title="bbox 716 484 3000 4225">
    <p class='ocr_par' dir='ltr' id='par_1_2' title="bbox 722 484 2998 2282">
     <span class='ocr_line' id='line_1_2' title="bbox 736 484 2988 570; baseline -0.003 -12"><span class='ocrx_word' id='word_1_2' title='bbox 736 488 1155 558; x_wconf 75' lang='lat' dir='ltr'><strong>recentiora</strong></span> <span class='ocrx_word' id='word_1_3' title='bbox 1188 489 1613 570; x_wconf 74' lang='lat' dir='ltr'><strong>systemata,</strong></span> <span class='ocrx_word' id='word_1_4' title='bbox 1659 504 1848 570; x_wconf 88' lang='lat' dir='ltr'><strong>quae</strong></span> <span class='ocrx_word' id='word_1_5' title='bbox 1877 485 2010 552; x_wconf 85' lang='lat' dir='ltr'><strong>sub</strong></span> <span class='ocrx_word' id='word_1_6' title='bbox 2065 484 2374 552; x_wconf 84' lang='lat' dir='ltr'><strong>diversis</strong></span> <span class='ocrx_word' id='word_1_7' title='bbox 2437 485 2846 552; x_wconf 88' lang='lat' dir='ltr'><strong>nominibus</strong></span> <span class='ocrx_word' id='word_1_8' title='bbox 2911 487 2988 551; x_wconf 89' lang='lat' dir='ltr'><strong>et</strong></span> 
     </span>
     <span class='ocr_line' id='line_1_3' title="bbox 738 591 2981 675; baseline -0.003 -13"><span class='ocrx_word' id='word_1_9' title='bbox 738 599 907 662; x_wconf 89' lang='lat' dir='ltr'><strong>fuco</strong></span> <span class='ocrx_word' id='word_1_10' title='bbox 940 595 1331 663; x_wconf 78' lang='lat' dir='ltr'><strong>verborum</strong></span> <span class='ocrx_word' id='word_1_11' title='bbox 1391 611 1649 660; x_wconf 80' lang='lat' dir='ltr'><strong>veram</strong></span> <span class='ocrx_word' id='word_1_12' title='bbox 1703 591 1974 658; x_wconf 78' lang='lat' dir='ltr'><strong>Christi</strong></span> <span class='ocrx_word' id='word_1_13' title='bbox 2037 591 2444 658; x_wconf 79' lang='lat' dir='ltr'><strong>Ecclesiam</strong></span> <span class='ocrx_word' id='word_1_14' title='bbox 2511 592 2981 675; x_wconf 86' lang='lat' dir='ltr'><strong>divexarunt,</strong></span> 
     </span>
     <span class='ocr_line' id='line_1_4' title="bbox 738 697 2984 784; baseline -0.002 -16"><span class='ocrx_word' id='word_1_15' title='bbox 738 704 981 770; x_wconf 86' lang='lat' dir='ltr'><strong>omnia</strong></span> <span class='ocrx_word' id='word_1_16' title='bbox 1012 701 1302 784; x_wconf 89' lang='lat' dir='ltr'><strong>quidem</strong></span> <span class='ocrx_word' id='word_1_17' title='bbox 1332 701 1491 767; x_wconf 84' lang='lat' dir='ltr'><strong>sive</strong></span> <span class='ocrx_word' id='word_1_18' title='bbox 1524 718 1569 764; x_wconf 90' lang='lat' dir='ltr'><strong>a</strong></span> <span class='ocrx_word' id='word_1_19' title='bbox 1599 698 2049 766; x_wconf 88' lang='lat' dir='ltr'><strong>Richerianis</strong></span> <span class='ocrx_word' id='word_1_20' title='bbox 2085 702 2159 764; x_wconf 90' lang='lat' dir='ltr'><strong>et</strong></span> <span class='ocrx_word' id='word_1_21' title='bbox 2191 697 2698 780; x_wconf 84' lang='lat' dir='ltr'><strong>Febronianis,</strong></span> <span class='ocrx_word' id='word_1_22' title='bbox 2740 699 2903 766; x_wconf 84' lang='lat' dir='ltr'><strong>sive</strong></span> <span class='ocrx_word' id='word_1_23' title='bbox 2933 717 2984 764; x_wconf 84' lang='lat' dir='ltr'><strong>a</strong></span> 
     </span>
     <span class='ocr_line' id='line_1_5' title="bbox 735 804 2990 886; baseline -0.002 -11"><span class='ocrx_word' id='word_1_24' title='bbox 735 809 784 876; x_wconf 86' lang='lat' dir='ltr'><strong>J</strong></span> <span class='ocrx_word' id='word_1_25' title='bbox 790 807 1177 874; x_wconf 84' lang='lat' dir='ltr'><strong>ansenistis</strong></span> <span class='ocrx_word' id='word_1_26' title='bbox 1212 809 1286 871; x_wconf 91' lang='lat' dir='ltr'><strong>et</strong></span> <span class='ocrx_word' id='word_1_27' title='bbox 1320 804 1748 886; x_wconf 77' lang='lat' dir='ltr'><strong>GallicaniS,</strong></span> <span class='ocrx_word' id='word_1_28' title='bbox 1784 805 1943 870; x_wconf 87' lang='lat' dir='ltr'><strong>sive</strong></span> <span class='ocrx_word' id='word_1_29' title='bbox 1976 822 2021 868; x_wconf 90' lang='lat' dir='ltr'><strong>a</strong></span> <span class='ocrx_word' id='word_1_30' title='bbox 2053 804 2442 886; x_wconf 85' lang='lat' dir='ltr'><strong>Regalistis</strong></span> <span class='ocrx_word' id='word_1_31' title='bbox 2477 809 2552 869; x_wconf 94' lang='lat' dir='ltr'><strong>et</strong></span> <span class='ocrx_word' id='word_1_32' title='bbox 2587 804 2866 870; x_wconf 88' lang='lat' dir='ltr'><strong>Aulicis</strong></span> <span class='ocrx_word' id='word_1_33' title='bbox 2895 822 2990 870; x_wconf 85' lang='lat' dir='ltr'><strong>ea.</strong></span> 
     </span>
     <span class='ocr_line' id='line_1_6' title="bbox 740 910 2988 996; baseline -0.003 -14"><span class='ocrx_word' id='word_1_34' title='bbox 740 920 983 982; x_wconf 88' lang='lat' dir='ltr'><strong>mente</strong></span> <span class='ocrx_word' id='word_1_35' title='bbox 1017 913 1460 996; x_wconf 84' lang='lat' dir='ltr'><strong>excogitata,</strong></span> <span class='ocrx_word' id='word_1_36' title='bbox 1498 916 1576 978; x_wconf 90' lang='lat' dir='ltr'><strong>ut</strong></span> <span class='ocrx_word' id='word_1_37' title='bbox 1637 911 2000 977; x_wconf 89' lang='lat' dir='ltr'><strong>Primatus</strong></span> <span class='ocrx_word' id='word_1_38' title='bbox 2053 910 2580 992; x_wconf 76' lang='lat' dir='ltr'><strong>Jurisdictionis</strong></span> <span class='ocrx_word' id='word_1_39' title='bbox 2633 910 2988 976; x_wconf 86' lang='lat' dir='ltr'><strong>divinitus</strong></span> 
     </span>
     <span class='ocr_line' id='line_1_7' title="bbox 738 1016 2992 1100; baseline -0.003 -12"><span class='ocrx_word' id='word_1_40' title='bbox 738 1022 1111 1088; x_wconf 81' lang='lat' dir='ltr'><strong>institutus</strong></span> <span class='ocrx_word' id='word_1_41' title='bbox 1136 1019 1736 1100; x_wconf 77' lang='lat' dir='ltr'><strong>labefactaretur,</strong></span> <span class='ocrx_word' id='word_1_42' title='bbox 1763 1016 1970 1084; x_wconf 88' lang='lat' dir='ltr'><strong>Sedis</strong></span> <span class='ocrx_word' id='word_1_43' title='bbox 1989 1017 2461 1100; x_wconf 84' lang='lat' dir='ltr'><strong>Apostolicae</strong></span> <span class='ocrx_word' id='word_1_44' title='bbox 2485 1017 2992 1086; x_wconf 86' lang='lat' dir='ltr'><strong>sacratissima</strong></span> 
     </span>
     <span class='ocr_line' id='line_1_8' title="bbox 731 1121 2990 1210; baseline -0.002 -18"><span class='ocrx_word' id='word_1_45' title='bbox 731 1128 905 1210; x_wconf 61' lang='lat' dir='ltr'><strong>,iura</strong></span> <span class='ocrx_word' id='word_1_46' title='bbox 932 1127 1426 1208; x_wconf 77' lang='lat' dir='ltr'><strong>laederentur,</strong></span> <span class='ocrx_word' id='word_1_47' title='bbox 1460 1129 1684 1208; x_wconf 90' lang='lat' dir='ltr'><strong>atque</strong></span> <span class='ocrx_word' id='word_1_48' title='bbox 1721 1121 2287 1190; x_wconf 87' lang='lat' dir='ltr'><strong>Ecclesiasticae</strong></span> <span class='ocrx_word' id='word_1_49' title='bbox 2329 1122 2786 1206; x_wconf 90' lang='lat' dir='ltr'><strong>Disciplinae</strong></span> <span class='ocrx_word' id='word_1_50' title='bbox 2819 1139 2990 1188; x_wconf 89' lang='lat' dir='ltr'><strong>ner-</strong></span> 
     </span>
     <span class='ocr_line' id='line_1_9' title="bbox 738 1229 2990 1316; baseline -0.002 -16"><span class='ocrx_word' id='word_1_51' title='bbox 738 1252 877 1300; x_wconf 80' lang='lat' dir='ltr'><strong>vus</strong></span> <span class='ocrx_word' id='word_1_52' title='bbox 910 1234 1505 1316; x_wconf 84' lang='lat' dir='ltr'><strong>disrumperetur.</strong></span> <span class='ocrx_word' id='word_1_53' title='bbox 1542 1229 1686 1296; x_wconf 89' lang='lat' dir='ltr'><strong>Sed</strong></span> <span class='ocrx_word' id='word_1_54' title='bbox 1716 1230 1892 1296; x_wconf 90' lang='lat' dir='ltr'><strong>licet</strong></span> <span class='ocrx_word' id='word_1_55' title='bbox 1922 1231 2262 1295; x_wconf 85' lang='lat' dir='ltr'><strong>auctores</strong></span> <span class='ocrx_word' id='word_1_56' title='bbox 2292 1229 2416 1296; x_wconf 77' lang='lat' dir='ltr'><strong>vel</strong></span> <span class='ocrx_word' id='word_1_57' title='bbox 2441 1230 2768 1296; x_wconf 83' lang='lat' dir='ltr'><strong>fautores</strong></span> <span class='ocrx_word' id='word_1_58' title='bbox 2794 1230 2990 1312; x_wconf 82' lang='lat' dir='ltr'><strong>ejus-</strong></span> 
     </span>
     <span class='ocr_line' id='line_1_10' title="bbox 738 1334 2991 1423; baseline -0.002 -16"><span class='ocrx_word' id='word_1_59' title='bbox 738 1341 935 1408; x_wconf 87' lang='lat' dir='ltr'><strong>modi</strong></span> <span class='ocrx_word' id='word_1_60' title='bbox 966 1343 1469 1423; x_wconf 81' lang='lat' dir='ltr'><strong>systematum,</strong></span> <span class='ocrx_word' id='word_1_61' title='bbox 1504 1336 1887 1404; x_wconf 82' lang='lat' dir='ltr'><strong>vaferrimi</strong></span> <span class='ocrx_word' id='word_1_62' title='bbox 1921 1336 2299 1402; x_wconf 85' lang='lat' dir='ltr'><strong>Ecclesiae</strong></span> <span class='ocrx_word' id='word_1_63' title='bbox 2367 1334 2791 1403; x_wconf 84' lang='lat' dir='ltr'><strong>Catholicae</strong></span> <span class='ocrx_word' id='word_1_64' title='bbox 2823 1335 2991 1402; x_wconf 71' lang='lat' dir='ltr'><strong>hos-</strong></span> 
     </span>
     <span class='ocr_line' id='line_1_11' title="bbox 738 1444 2989 1532; baseline -0.002 -17"><span class='ocrx_word' id='word_1_65' title='bbox 738 1454 849 1516; x_wconf 86' lang='lat' dir='ltr'><strong>tes</strong></span> <span class='ocrx_word' id='word_1_66' title='bbox 884 1453 1105 1532; x_wconf 85' lang='lat' dir='ltr'><strong>atque</strong></span> <span class='ocrx_word' id='word_1_67' title='bbox 1136 1449 1478 1514; x_wconf 85' lang='lat' dir='ltr'><strong>scelerati</strong></span> <span class='ocrx_word' id='word_1_68' title='bbox 1514 1447 2003 1512; x_wconf 87' lang='lat' dir='ltr'><strong>Romanorum</strong></span> <span class='ocrx_word' id='word_1_69' title='bbox 2035 1445 2465 1511; x_wconf 86' lang='lat' dir='ltr'><strong>Pontificum</strong></span> <span class='ocrx_word' id='word_1_70' title='bbox 2501 1444 2989 1528; x_wconf 85' lang='lat' dir='ltr'><strong>detractores,</strong></span> 
     </span>
     <span class='ocr_line' id='line_1_12' title="bbox 738 1551 2989 1639; baseline -0.002 -18"><span class='ocrx_word' id='word_1_71' title='bbox 738 1571 1039 1639; x_wconf 88' lang='lat' dir='ltr'><strong>scopum</strong></span> <span class='ocrx_word' id='word_1_72' title='bbox 1068 1571 1521 1622; x_wconf 88' lang='lat' dir='ltr'><strong>communem</strong></span> <span class='ocrx_word' id='word_1_73' title='bbox 1548 1555 1623 1618; x_wconf 91' lang='lat' dir='ltr'><strong>et</strong></span> <span class='ocrx_word' id='word_1_74' title='bbox 1650 1552 1980 1618; x_wconf 87' lang='lat' dir='ltr'><strong>eumdem</strong></span> <span class='ocrx_word' id='word_1_75' title='bbox 2007 1552 2227 1616; x_wconf 87' lang='lat' dir='ltr'><strong>finem</strong></span> <span class='ocrx_word' id='word_1_76' title='bbox 2249 1551 2389 1617; x_wconf 87' lang='lat' dir='ltr'><strong>sibi</strong></span> <span class='ocrx_word' id='word_1_77' title='bbox 2416 1555 2989 1635; x_wconf 87' lang='lat' dir='ltr'><strong>proposuerunt,</strong></span> 
     </span>
     <span class='ocr_line' id='line_1_13' title="bbox 739 1658 2992 1742; baseline -0.002 -14"><span class='ocrx_word' id='word_1_78' title='bbox 739 1662 1201 1730; x_wconf 86' lang='lat' dir='ltr'><strong>nihilominus</strong></span> <span class='ocrx_word' id='word_1_79' title='bbox 1236 1663 1605 1728; x_wconf 87' lang='lat' dir='ltr'><strong>diversam</strong></span> <span class='ocrx_word' id='word_1_80' title='bbox 1636 1660 1838 1726; x_wconf 84' lang='lat' dir='ltr'><strong>viam</strong></span> <span class='ocrx_word' id='word_1_81' title='bbox 1871 1659 2202 1742; x_wconf 86' lang='lat' dir='ltr'><strong>aggressi</strong></span> <span class='ocrx_word' id='word_1_82' title='bbox 2226 1663 2418 1722; x_wconf 89' lang='lat' dir='ltr'><strong>sunt:</strong></span> <span class='ocrx_word' id='word_1_83' title='bbox 2457 1659 2583 1724; x_wconf 89' lang='lat' dir='ltr'><strong>alii</strong></span> <span class='ocrx_word' id='word_1_84' title='bbox 2616 1658 2809 1723; x_wconf 90' lang='lat' dir='ltr'><strong>enim</strong></span> <span class='ocrx_word' id='word_1_85' title='bbox 2857 1677 2992 1742; x_wconf 90' lang='lat' dir='ltr'><strong>po-</strong></span> 
     </span>
     <span class='ocr_line' id='line_1_14' title="bbox 724 1764 2998 1853; baseline -0.003 -16"><span class='ocrx_word' id='word_1_86' title='bbox 724 1770 988 1853; x_wconf 78' lang='lat' dir='ltr'><strong>pulum</strong></span> <span class='ocrx_word' id='word_1_87' title='bbox 1012 1769 1487 1834; x_wconf 89' lang='lat' dir='ltr'><strong>christianum</strong></span> <span class='ocrx_word' id='word_1_88' title='bbox 1510 1765 1959 1834; x_wconf 76' lang='lat' dir='ltr'><strong>allucinando</strong></span> <span class='ocrx_word' id='word_1_89' title='bbox 1985 1765 2424 1832; x_wconf 87' lang='lat' dir='ltr'><strong>elementum</strong></span> <span class='ocrx_word' id='word_1_90' title='bbox 2453 1764 2998 1832; x_wconf 75' lang='lat' dir='ltr'><strong>democraticum</strong></span> 
     </span>
     <span class='ocr_line' id='line_1_15' title="bbox 739 1872 2992 1960; baseline -0.002 -18"><span class='ocrx_word' id='word_1_91' title='bbox 739 1879 818 1942; x_wconf 90' lang='lat' dir='ltr'><strong>in</strong></span> <span class='ocrx_word' id='word_1_92' title='bbox 846 1877 1200 1960; x_wconf 88' lang='lat' dir='ltr'><strong>regimine</strong></span> <span class='ocrx_word' id='word_1_93' title='bbox 1236 1875 1738 1942; x_wconf 87' lang='lat' dir='ltr'><strong>ecclesiastico</strong></span> <span class='ocrx_word' id='word_1_94' title='bbox 1774 1874 2120 1940; x_wconf 89' lang='lat' dir='ltr'><strong>inducere</strong></span> <span class='ocrx_word' id='word_1_95' title='bbox 2153 1873 2568 1954; x_wconf 77' lang='lat' dir='ltr'><strong>voluerunt3</strong></span> <span class='ocrx_word' id='word_1_96' title='bbox 2621 1873 2748 1940; x_wconf 86' lang='lat' dir='ltr'><strong>alii</strong></span> <span class='ocrx_word' id='word_1_97' title='bbox 2779 1872 2992 1956; x_wconf 88' lang='lat' dir='ltr'><strong>Epis-</strong></span> 
     </span>
     <span class='ocr_line' id='line_1_16' title="bbox 740 1980 2994 2068; baseline -0.002 -18"><span class='ocrx_word' id='word_1_98' title='bbox 740 2002 963 2068; x_wconf 87' lang='lat' dir='ltr'><strong>copos</strong></span> <span class='ocrx_word' id='word_1_99' title='bbox 990 1985 1375 2050; x_wconf 69' lang='lat' dir='ltr'><strong>extollendo</strong></span> <span class='ocrx_word' id='word_1_100' title='bbox 1408 1983 1847 2049; x_wconf 89' lang='lat' dir='ltr'><strong>elementum</strong></span> <span class='ocrx_word' id='word_1_101' title='bbox 1869 1981 2430 2049; x_wconf 73' lang='lat' dir='ltr'><strong>aristam-aticum</strong></span> <span class='ocrx_word' id='word_1_102' title='bbox 2461 1980 2810 2046; x_wconf 78' lang='lat' dir='ltr'><strong>invehere</strong></span> <span class='ocrx_word' id='word_1_103' title='bbox 2834 1999 2994 2046; x_wconf 87' lang='lat' dir='ltr'><strong>ma-</strong></span> 
     </span>
     <span class='ocr_line' id='line_1_17' title="bbox 722 2088 2994 2174; baseline -0.001 -17"><span class='ocrx_word' id='word_1_104' title='bbox 722 2094 1055 2172; x_wconf 81' lang='lat' dir='ltr'><strong>-luerunt3</strong></span> <span class='ocrx_word' id='word_1_105' title='bbox 1088 2091 1212 2156; x_wconf 88' lang='lat' dir='ltr'><strong>alii</strong></span> <span class='ocrx_word' id='word_1_106' title='bbox 1238 2091 1522 2156; x_wconf 89' lang='lat' dir='ltr'><strong>demum</strong></span> <span class='ocrx_word' id='word_1_107' title='bbox 1548 2089 2004 2171; x_wconf 89' lang='lat' dir='ltr'><strong>Principibus</strong></span> <span class='ocrx_word' id='word_1_108' title='bbox 2030 2089 2444 2156; x_wconf 71' lang='lat' dir='ltr'><strong>blandiendo</strong></span> <span class='ocrx_word' id='word_1_109' title='bbox 2464 2088 2634 2170; x_wconf 72' lang='lat' dir='ltr'><strong>,iura</strong></span> <span class='ocrx_word' id='word_1_110' title='bbox 2659 2091 2994 2174; x_wconf 71' lang='lat' dir='ltr'><strong>majesta-</strong></span> 
     </span>
     <span class='ocr_line' id='line_1_18' title="bbox 742 2195 2179 2282; baseline -0.003 -18"><span class='ocrx_word' id='word_1_111' title='bbox 742 2199 879 2264; x_wconf 77' lang='lat' dir='ltr'><strong>tica</strong></span> <span class='ocrx_word' id='word_1_112' title='bbox 907 2197 1305 2282; x_wconf 84' lang='lat' dir='ltr'><strong>(Regalias)</strong></span> <span class='ocrx_word' id='word_1_113' title='bbox 1336 2197 1788 2280; x_wconf 87' lang='lat' dir='ltr'><strong>amplificare</strong></span> <span class='ocrx_word' id='word_1_114' title='bbox 1815 2195 1957 2260; x_wconf 85' lang='lat' dir='ltr'><strong>nisi</strong></span> <span class='ocrx_word' id='word_1_115' title='bbox 1989 2199 2179 2262; x_wconf 89' lang='lat' dir='ltr'><strong>sunt.</strong></span> 
     </span>
    </p>

    <p class='ocr_par' dir='ltr' id='par_1_3' title="bbox 716 2301 3000 3777">
     <span class='ocr_line' id='line_1_19' title="bbox 920 2301 2996 2386; baseline 0 -18"><span class='ocrx_word' id='word_1_116' title='bbox 920 2303 1032 2368; x_wconf 90' lang='lat' dir='ltr'><strong>Ad</strong></span> <span class='ocrx_word' id='word_1_117' title='bbox 1067 2321 1221 2368; x_wconf 89' lang='lat' dir='ltr'><strong>rem</strong></span> <span class='ocrx_word' id='word_1_118' title='bbox 1254 2313 1498 2368; x_wconf 91' lang='lat' dir='ltr'><strong>autem</strong></span> <span class='ocrx_word' id='word_1_119' title='bbox 1554 2306 1880 2368; x_wconf 89' lang='lat' dir='ltr'><strong>nostram</strong></span> <span class='ocrx_word' id='word_1_120' title='bbox 1922 2302 2487 2386; x_wconf 89' lang='lat' dir='ltr'><strong>disputationem</strong></span> <span class='ocrx_word' id='word_1_121' title='bbox 2535 2301 2996 2370; x_wconf 86' lang='lat' dir='ltr'><strong>circumscri-</strong></span> 
     </span>
     <span class='ocr_line' id='line_1_20' title="bbox 741 2411 2998 2496; baseline -0.002 -18"><span class='ocrx_word' id='word_1_122' title='bbox 741 2413 1021 2496; x_wconf 90' lang='lat' dir='ltr'><strong>bentes,</strong></span> <span class='ocrx_word' id='word_1_123' title='bbox 1059 2412 1239 2476; x_wconf 89' lang='lat' dir='ltr'><strong>nihil</strong></span> <span class='ocrx_word' id='word_1_124' title='bbox 1272 2412 1708 2479; x_wconf 82' lang='lat' dir='ltr'><strong>intentatum</strong></span> <span class='ocrx_word' id='word_1_125' title='bbox 1741 2412 2106 2494; x_wconf 87' lang='lat' dir='ltr'><strong>reliquere</strong></span> <span class='ocrx_word' id='word_1_126' title='bbox 2133 2411 2488 2492; x_wconf 87' lang='lat' dir='ltr'><strong>ejusmodi</strong></span> <span class='ocrx_word' id='word_1_127' title='bbox 2518 2411 2801 2477; x_wconf 85' lang='lat' dir='ltr'><strong>versuti</strong></span> <span class='ocrx_word' id='word_1_128' title='bbox 2833 2427 2998 2474; x_wconf 87' lang='lat' dir='ltr'><strong>sec-</strong></span> 
     </span>
     <span class='ocr_line' id='line_1_21' title="bbox 722 2517 2996 2604; baseline -0.001 -17"><span class='ocrx_word' id='word_1_129' title='bbox 722 2527 1023 2587; x_wconf 86' lang='lat' dir='ltr'><strong>-tatores</strong></span> <span class='ocrx_word' id='word_1_130' title='bbox 1056 2520 1150 2587; x_wconf 86' lang='lat' dir='ltr'><strong>ad</strong></span> <span class='ocrx_word' id='word_1_131' title='bbox 1182 2521 1840 2604; x_wconf 86' lang='lat' dir='ltr'><strong>promulgationem</strong></span> <span class='ocrx_word' id='word_1_132' title='bbox 1868 2521 2113 2603; x_wconf 91' lang='lat' dir='ltr'><strong>legum</strong></span> <span class='ocrx_word' id='word_1_133' title='bbox 2137 2519 2294 2585; x_wconf 79' lang='lat' dir='ltr'><strong>fere</strong></span> <span class='ocrx_word' id='word_1_134' title='bbox 2325 2519 2656 2585; x_wconf 86' lang='lat' dir='ltr'><strong>inutilem</strong></span> <span class='ocrx_word' id='word_1_135' title='bbox 2680 2517 2996 2585; x_wconf 84' lang='lat' dir='ltr'><strong>redden-</strong></span> 
     </span>
     <span class='ocr_line' id='line_1_22' title="bbox 744 2625 3000 2710; baseline -0.001 -17"><span class='ocrx_word' id='word_1_136' title='bbox 744 2628 934 2710; x_wconf 84' lang='lat' dir='ltr'><strong>dam3</strong></span> <span class='ocrx_word' id='word_1_137' title='bbox 976 2627 1445 2692; x_wconf 86' lang='lat' dir='ltr'><strong>difficultates</strong></span> <span class='ocrx_word' id='word_1_138' title='bbox 1476 2633 1700 2709; x_wconf 86' lang='lat' dir='ltr'><strong>atque</strong></span> <span class='ocrx_word' id='word_1_139' title='bbox 1736 2627 1980 2691; x_wconf 87' lang='lat' dir='ltr'><strong>obices</strong></span> <span class='ocrx_word' id='word_1_140' title='bbox 2011 2625 2498 2709; x_wconf 88' lang='lat' dir='ltr'><strong>undequaque</strong></span> <span class='ocrx_word' id='word_1_141' title='bbox 2520 2625 2714 2693; x_wconf 89' lang='lat' dir='ltr'><strong>ciere</strong></span> <span class='ocrx_word' id='word_1_142' title='bbox 2741 2626 3000 2691; x_wconf 88' lang='lat' dir='ltr'><strong>conati</strong></span> 
     </span>
     <span class='ocr_line' id='line_1_23' title="bbox 741 2734 2995 2819; baseline 0 -18"><span class='ocrx_word' id='word_1_143' title='bbox 741 2740 909 2801; x_wconf 90' lang='lat' dir='ltr'><strong>sunt</strong></span> <span class='ocrx_word' id='word_1_144' title='bbox 944 2736 1426 2818; x_wconf 84' lang='lat' dir='ltr'><strong>divulgationi</strong></span> <span class='ocrx_word' id='word_1_145' title='bbox 1490 2754 1868 2801; x_wconf 88' lang='lat' dir='ltr'><strong>sacrarum</strong></span> <span class='ocrx_word' id='word_1_146' title='bbox 1927 2734 2560 2819; x_wconf 88' lang='lat' dir='ltr'><strong>Constitutionum,</strong></span> <span class='ocrx_word' id='word_1_147' title='bbox 2611 2736 2995 2819; x_wconf 86' lang='lat' dir='ltr'><strong>requiren-</strong></span> 
     </span>
     <span class='ocr_line' id='line_1_24' title="bbox 740 2843 2990 2926; baseline 0.001 -19"><span class='ocrx_word' id='word_1_148' title='bbox 740 2846 878 2926; x_wconf 89' lang='lat' dir='ltr'><strong>tes,</strong></span> <span class='ocrx_word' id='word_1_149' title='bbox 916 2848 995 2909; x_wconf 92' lang='lat' dir='ltr'><strong>ut</strong></span> <span class='ocrx_word' id='word_1_150' title='bbox 1028 2843 1427 2909; x_wconf 85' lang='lat' dir='ltr'><strong>notificatio</strong></span> <span class='ocrx_word' id='word_1_151' title='bbox 1460 2861 1704 2910; x_wconf 85' lang='lat' dir='ltr'><strong>novae</strong></span> <span class='ocrx_word' id='word_1_152' title='bbox 1736 2844 1920 2926; x_wconf 87' lang='lat' dir='ltr'><strong>legis</strong></span> <span class='ocrx_word' id='word_1_153' title='bbox 1953 2844 2029 2907; x_wconf 92' lang='lat' dir='ltr'><strong>in</strong></span> <span class='ocrx_word' id='word_1_154' title='bbox 2062 2844 2386 2926; x_wconf 87' lang='lat' dir='ltr'><strong>quolibet</strong></span> <span class='ocrx_word' id='word_1_155' title='bbox 2439 2860 2692 2926; x_wconf 85' lang='lat' dir='ltr'><strong>regne,</strong></span> <span class='ocrx_word' id='word_1_156' title='bbox 2753 2843 2990 2909; x_wconf 88' lang='lat' dir='ltr'><strong>eccle-</strong></span> 
     </span>
     <span class='ocr_line' id='line_1_25' title="bbox 716 2952 2993 3035; baseline 0 -19"><span class='ocrx_word' id='word_1_157' title='bbox 716 2952 853 3016; x_wconf 81' lang='lat' dir='ltr'><strong>-sia</strong></span> <span class='ocrx_word' id='word_1_158' title='bbox 886 2958 1012 3016; x_wconf 89' lang='lat' dir='ltr'><strong>aut</strong></span> <span class='ocrx_word' id='word_1_159' title='bbox 1040 2953 1449 3035; x_wconf 80' lang='lat' dir='ltr'><strong>provincia,</strong></span> <span class='ocrx_word' id='word_1_160' title='bbox 1485 2954 1611 3019; x_wconf 81' lang='lat' dir='ltr'><strong>vel</strong></span> <span class='ocrx_word' id='word_1_161' title='bbox 1644 2970 2080 3017; x_wconf 88' lang='lat' dir='ltr'><strong>consensum</strong></span> <span class='ocrx_word' id='word_1_162' title='bbox 2113 2958 2206 3017; x_wconf 84' lang='lat' dir='ltr'><strong>e&#39;x</strong></span> <span class='ocrx_word' id='word_1_163' title='bbox 2232 2955 2444 3034; x_wconf 86' lang='lat' dir='ltr'><strong>parte</strong></span> <span class='ocrx_word' id='word_1_164' title='bbox 2481 2952 2823 3035; x_wconf 88' lang='lat' dir='ltr'><strong>fidelium,</strong></span> <span class='ocrx_word' id='word_1_165' title='bbox 2863 2952 2993 3018; x_wconf 84' lang='lat' dir='ltr'><strong>vel</strong></span> 
     </span>
     <span class='ocr_line' id='line_1_26' title="bbox 743 3059 2992 3143; baseline 0.001 -20"><span class='ocrx_word' id='word_1_166' title='bbox 743 3060 1325 3142; x_wconf 82' lang='lat' dir='ltr'><strong>acceptationem</strong></span> <span class='ocrx_word' id='word_1_167' title='bbox 1360 3060 1452 3124; x_wconf 91' lang='lat' dir='ltr'><strong>ab</strong></span> <span class='ocrx_word' id='word_1_168' title='bbox 1486 3059 1893 3143; x_wconf 88' lang='lat' dir='ltr'><strong>Episcopis,</strong></span> <span class='ocrx_word' id='word_1_169' title='bbox 1960 3060 2086 3125; x_wconf 84' lang='lat' dir='ltr'><strong>vel</strong></span> <span class='ocrx_word' id='word_1_170' title='bbox 2149 3077 2404 3142; x_wconf 91' lang='lat' dir='ltr'><strong>regum</strong></span> <span class='ocrx_word' id='word_1_171' title='bbox 2465 3060 2820 3142; x_wconf 89' lang='lat' dir='ltr'><strong>placitum</strong></span> <span class='ocrx_word' id='word_1_172' title='bbox 2857 3076 2992 3125; x_wconf 85' lang='lat' dir='ltr'><strong>seu</strong></span> 
     </span>
     <span class='ocr_line' id='line_1_27' title="bbox 731 3166 2994 3251; baseline 0.001 -22"><span class='ocrx_word' id='word_1_173' title='bbox 731 3168 1370 3250; x_wconf 54' lang='lat' dir='ltr'><strong>approbationem,</strong></span> <span class='ocrx_word' id='word_1_174' title='bbox 1407 3167 1859 3232; x_wconf 89' lang='lat' dir='ltr'><strong>conditiones</strong></span> <span class='ocrx_word' id='word_1_175' title='bbox 1895 3167 2226 3251; x_wconf 86' lang='lat' dir='ltr'><strong>equidem</strong></span> <span class='ocrx_word' id='word_1_176' title='bbox 2262 3167 2579 3250; x_wconf 89' lang='lat' dir='ltr'><strong>iniquas,</strong></span> <span class='ocrx_word' id='word_1_177' title='bbox 2609 3166 2994 3232; x_wconf 80' lang='lat' dir='ltr'><strong>Ecclesiae</strong></span> 
     </span>
     <span class='ocr_line' id='line_1_28' title="bbox 742 3274 2992 3358; baseline 0.001 -21"><span class='ocrx_word' id='word_1_178' title='bbox 742 3274 1159 3358; x_wconf 78' lang='lat' dir='ltr'><strong>injuriosas,</strong></span> <span class='ocrx_word' id='word_1_179' title='bbox 1190 3292 1575 3358; x_wconf 85' lang='lat' dir='ltr'><strong>supremae</strong></span> <span class='ocrx_word' id='word_1_180' title='bbox 1602 3276 2089 3341; x_wconf 87' lang='lat' dir='ltr'><strong>Romanorum</strong></span> <span class='ocrx_word' id='word_1_181' title='bbox 2112 3275 2541 3340; x_wconf 85' lang='lat' dir='ltr'><strong>Pontificum</strong></span> <span class='ocrx_word' id='word_1_182' title='bbox 2568 3274 2992 3341; x_wconf 86' lang='lat' dir='ltr'><strong>auctoritati</strong></span> 
     </span>
     <span class='ocr_line' id='line_1_29' title="bbox 718 3382 2992 3468; baseline 0.002 -23"><span class='ocrx_word' id='word_1_183' title='bbox 718 3382 964 3465; x_wconf 79' lang='lat' dir='ltr'><strong>plane</strong></span> <span class='ocrx_word' id='word_1_184' title='bbox 1000 3384 1503 3467; x_wconf 83' lang='lat' dir='ltr'><strong>adversantes,</strong></span> <span class='ocrx_word' id='word_1_185' title='bbox 1540 3384 1848 3468; x_wconf 89' lang='lat' dir='ltr'><strong>ideoque</strong></span> <span class='ocrx_word' id='word_1_186' title='bbox 1905 3385 2194 3450; x_wconf 88' lang='lat' dir='ltr'><strong>omnino</strong></span> <span class='ocrx_word' id='word_1_187' title='bbox 2242 3385 2715 3468; x_wconf 79' lang='lat' dir='ltr'><strong>respuendas,</strong></span> <span class='ocrx_word' id='word_1_188' title='bbox 2755 3382 2992 3464; x_wconf 81' lang='lat' dir='ltr'><strong>Quam</strong></span> 
     </span>
     <span class='ocr_line' id='line_1_30' title="bbox 743 3490 2992 3575; baseline 0.001 -21"><span class='ocrx_word' id='word_1_189' title='bbox 743 3508 789 3554; x_wconf 88' lang='lat' dir='ltr'><strong>a</strong></span> <span class='ocrx_word' id='word_1_190' title='bbox 822 3490 1139 3557; x_wconf 89' lang='lat' dir='ltr'><strong>veritate</strong></span> <span class='ocrx_word' id='word_1_191' title='bbox 1176 3492 1439 3572; x_wconf 43' lang='lat' dir='ltr'><strong>,aliena</strong></span> <span class='ocrx_word' id='word_1_192' title='bbox 1502 3496 1575 3557; x_wconf 91' lang='lat' dir='ltr'><strong>et</strong></span> <span class='ocrx_word' id='word_1_193' title='bbox 1632 3512 1678 3557; x_wconf 89' lang='lat' dir='ltr'><strong>a</strong></span> <span class='ocrx_word' id='word_1_194' title='bbox 1735 3492 2000 3557; x_wconf 83' lang='lat' dir='ltr'><strong>Christi</strong></span> <span class='ocrx_word' id='word_1_195' title='bbox 2037 3493 2418 3558; x_wconf 87' lang='lat' dir='ltr'><strong>voluntate</strong></span> <span class='ocrx_word' id='word_1_196' title='bbox 2465 3492 2992 3575; x_wconf 86' lang='lat' dir='ltr'><strong>Ecclesiaeque</strong></span> 
     </span>
     <span class='ocr_line' id='line_1_31' title="bbox 742 3603 2993 3669; baseline -0.001 -2"><span class='ocrx_word' id='word_1_197' title='bbox 742 3603 1260 3668; x_wconf 86' lang='lat' dir='ltr'><strong>constitutione</strong></span> <span class='ocrx_word' id='word_1_198' title='bbox 1290 3604 1570 3669; x_wconf 89' lang='lat' dir='ltr'><strong>absona</strong></span> <span class='ocrx_word' id='word_1_199' title='bbox 1608 3620 1770 3668; x_wconf 89' lang='lat' dir='ltr'><strong>esse</strong></span> <span class='ocrx_word' id='word_1_200' title='bbox 1796 3604 1981 3668; x_wconf 88' lang='lat' dir='ltr'><strong>haec</strong></span> <span class='ocrx_word' id='word_1_201' title='bbox 2013 3603 2504 3668; x_wconf 86' lang='lat' dir='ltr'><strong>recentiorum</strong></span> <span class='ocrx_word' id='word_1_202' title='bbox 2551 3604 2993 3666; x_wconf 80' lang='lat' dir='ltr'><strong>novatorum</strong></span> 
     </span>
     <span class='ocr_line' id='line_1_32' title="bbox 744 3710 2515 3777; baseline -0.001 -2"><span class='ocrx_word' id='word_1_203' title='bbox 744 3716 1152 3775; x_wconf 80' lang='lat' dir='ltr'><strong>commenta</strong></span> <span class='ocrx_word' id='word_1_204' title='bbox 1190 3729 1283 3775; x_wconf 86' lang='lat' dir='ltr'><strong>ex</strong></span> <span class='ocrx_word' id='word_1_205' title='bbox 1320 3710 1645 3777; x_wconf 86' lang='lat' dir='ltr'><strong>dicendis</strong></span> <span class='ocrx_word' id='word_1_206' title='bbox 1680 3710 2093 3775; x_wconf 85' lang='lat' dir='ltr'><strong>luculenter</strong></span> <span class='ocrx_word' id='word_1_207' title='bbox 2127 3710 2515 3775; x_wconf 87' lang='lat' dir='ltr'><strong>constabit.</strong></span> 
     </span>
    </p>

    <p class='ocr_par' dir='ltr' id='par_1_4' title="bbox 741 3818 2994 4225">
     <span class='ocr_line' id='line_1_33' title="bbox 918 3818 2990 3903; baseline -0.001 -20"><span class='ocrx_word' id='word_1_208' title='bbox 918 3818 1029 3884; x_wconf 77' lang='lat'><strong>92.</strong></span> <span class='ocrx_word' id='word_1_209' title='bbox 1124 3818 1210 3883; x_wconf 91' lang='lat' dir='ltr'><strong>In</strong></span> <span class='ocrx_word' id='word_1_210' title='bbox 1244 3820 1495 3903; x_wconf 89' lang='lat' dir='ltr'><strong>primis</strong></span> <span class='ocrx_word' id='word_1_211' title='bbox 1534 3820 1724 3884; x_wconf 89' lang='lat' dir='ltr'><strong>enim</strong></span> <span class='ocrx_word' id='word_1_212' title='bbox 1749 3837 2048 3902; x_wconf 82' lang='lat' dir='ltr'><strong>prorsus</strong></span> <span class='ocrx_word' id='word_1_213' title='bbox 2076 3818 2990 3887; x_wconf 80' lang='lat' dir='ltr'><strong>eliminandus.concursus</strong></span> 
     </span>
     <span class='ocr_line' id='line_1_34' title="bbox 741 3924 2990 4010; baseline 0 -21"><span class='ocrx_word' id='word_1_214' title='bbox 741 3926 1201 3991; x_wconf 87' lang='lat' dir='ltr'><strong>necessarius</strong></span> <span class='ocrx_word' id='word_1_215' title='bbox 1234 3928 1487 4010; x_wconf 89' lang='lat' dir='ltr'><strong>populi</strong></span> <span class='ocrx_word' id='word_1_216' title='bbox 1520 3927 1594 3991; x_wconf 92' lang='lat' dir='ltr'><strong>in</strong></span> <span class='ocrx_word' id='word_1_217' title='bbox 1620 3926 2203 4010; x_wconf 87' lang='lat' dir='ltr'><strong>promulgatione</strong></span> <span class='ocrx_word' id='word_1_218' title='bbox 2240 3924 2739 4007; x_wconf 78' lang='lat' dir='ltr'><strong>diffundenda,</strong></span> <span class='ocrx_word' id='word_1_219' title='bbox 2766 3924 2990 4007; x_wconf 78' lang='lat' dir='ltr'><strong>siqui-</strong></span> 
     </span>
     <span class='ocr_line' id='line_1_35' title="bbox 742 4030 2994 4116; baseline 0.001 -19"><span class='ocrx_word' id='word_1_220' title='bbox 742 4032 905 4098; x_wconf 88' lang='lat' dir='ltr'><strong>dem</strong></span> <span class='ocrx_word' id='word_1_221' title='bbox 940 4033 1295 4115; x_wconf 88' lang='lat' dir='ltr'><strong>ejusmodi</strong></span> <span class='ocrx_word' id='word_1_222' title='bbox 1329 4050 1722 4099; x_wconf 86' lang='lat' dir='ltr'><strong>consensus</strong></span> <span class='ocrx_word' id='word_1_223' title='bbox 1756 4051 1850 4098; x_wconf 84' lang='lat' dir='ltr'><strong>ex</strong></span> <span class='ocrx_word' id='word_1_224' title='bbox 1881 4038 2092 4116; x_wconf 88' lang='lat' dir='ltr'><strong>parte</strong></span> <span class='ocrx_word' id='word_1_225' title='bbox 2131 4032 2476 4116; x_wconf 90' lang='lat' dir='ltr'><strong>fidelium,</strong></span> <span class='ocrx_word' id='word_1_226' title='bbox 2529 4033 2592 4097; x_wconf 88' lang='lat' dir='ltr'><strong>si</strong></span> <span class='ocrx_word' id='word_1_227' title='bbox 2649 4030 2994 4115; x_wconf 83' lang='lat' dir='ltr'><strong>exigatur</strong></span> 
     </span>
     <span class='ocr_line' id='line_1_36' title="bbox 741 4140 2994 4225; baseline 0.001 -20"><span class='ocrx_word' id='word_1_228' title='bbox 741 4145 1112 4225; x_wconf 84' lang='lat' dir='ltr'><strong>tamquam</strong></span> <span class='ocrx_word' id='word_1_229' title='bbox 1143 4143 1573 4225; x_wconf 85' lang='lat' dir='ltr'><strong>requisitum</strong></span> <span class='ocrx_word' id='word_1_230' title='bbox 1635 4142 2052 4225; x_wconf 87' lang='lat' dir='ltr'><strong>essentiale,</strong></span> <span class='ocrx_word' id='word_1_231' title='bbox 2094 4147 2169 4207; x_wconf 89' lang='lat' dir='ltr'><strong>ut</strong></span> <span class='ocrx_word' id='word_1_232' title='bbox 2225 4142 2349 4206; x_wconf 86' lang='lat' dir='ltr'><strong>lex</strong></span> <span class='ocrx_word' id='word_1_233' title='bbox 2411 4140 2637 4207; x_wconf 84' lang='lat' dir='ltr'><strong>semel</strong></span> <span class='ocrx_word' id='word_1_234' title='bbox 2695 4140 2994 4207; x_wconf 82' lang='lat' dir='ltr'><strong>condita</strong></span> 
     </span>
    </p>
   </div>
   <div class='ocr_carea' id='block_1_3' title="bbox 713 4252 2997 4337">
    <p class='ocr_par' dir='ltr' id='par_1_5' title="bbox 713 4252 2997 4337">
     <span class='ocr_line' id='line_1_37' title="bbox 713 4252 2997 4337; baseline 0.001 -22"><span class='ocrx_word' id='word_1_235' title='bbox 713 4265 831 4315; x_wconf 72' lang='lat' dir='ltr'><strong>tac</strong></span> <span class='ocrx_word' id='word_1_236' title='bbox 879 4253 1345 4337; x_wconf 81' lang='lat' dir='ltr'><strong>promulgata</strong></span> <span class='ocrx_word' id='word_1_237' title='bbox 1396 4254 1491 4320; x_wconf 89' lang='lat' dir='ltr'><strong>ad</strong></span> <span class='ocrx_word' id='word_1_238' title='bbox 1554 4252 1888 4319; x_wconf 86' lang='lat' dir='ltr'><strong>notitiam</strong></span> <span class='ocrx_word' id='word_1_239' title='bbox 1949 4252 2402 4318; x_wconf 80' lang='lat' dir='ltr'><strong>subditorum</strong></span> <span class='ocrx_word' id='word_1_240' title='bbox 2461 4252 2860 4337; x_wconf 84' lang='lat' dir='ltr'><strong>pervenire</strong></span> <span class='ocrx_word' id='word_1_241' title='bbox 2916 4256 2997 4319; x_wconf 91' lang='lat' dir='ltr'><strong>et</strong></span> 
     </span>
    </p>
   </div>
  </div>
 </body>
</html>
