3332 5100
355 565 1637 595 ⁸·0-1-0022-12'23'2'2-”ss-0-“ss-⁸-⁸“·.!=,¹..-„·!-·:!::!:-·L”.!:!:.⁰:
1638 563 2601 588 000000000000000000000000000000000000000

465 589 2602 663 *mmm-Q

1154 1169 1708 1247 APPENDIX
1761 1169 1802 1243 I

1376 1367 1585 1376 ——-

471 1537 960 1681 fluuium
1018 1513 1440 1683 “uuam
1502 1537 1788 1706 nuni„
1847 1538 1962 1680 ΡΙΙ
2017 1538 2308 1680 PAPAE
2363 1539 2479 1707 lx,

966 1771 1222 1838 ANNO
1280 1771 1450 1837 1864
1498 1771 1981 1837 EXPEDITA

1162 1915 1792 1963 ...Ἥ-...ᾑ-

351 2103 824 2169 venerabilibus
864 2103 1188 2165 Fratribus
1232 2101 1637 2179 Patriarchis‚
1676 2100 2076 2179 Friniatibus,
2108 2089 2601 2182 Archiepisoopis

515 2183 1278 2327 {tgfigiffiealginstgiffigersiffi
1312 2185 1585 2265 gratiam
1612 2184 1679 2245 et
1708 2185 2187 2250 nommunionem
2211 2183 2601 2264 Apostolicae

1220 2390 1410 2451 PIUS
1450 2391 1574 2449 PP.
1616 2389 1736 2450 IX.

671 2524 1072 2584 Venerabiles
1110 2528 1398 2598 F'ratres,
1433 2528 1710 2585 salutem
1755 2528 1815 2586 et
1856 2524 2296 2606 Apostolicam

1194 2608 1748 2666 Benedictionem.

489 2763 787 2838 ‘Quanta
840 2780 1002 2824 cura
1034 2782 1114 2822 ac
1146 2768 1472 2838 pastorali
1520 2765 1881 2842 vigilantia
1910 2765 2194 2825 Romani
2240 2764 2599 2824 Pontifices

353 2844 890 2904 Praedecesores
914 2846 1160 2922 Nostri,
1202 2853 1650 2920 exsequentes
1681 2848 2159 2906 demandatum
2184 2846 2313 2904 sibi
2337 2846 2423 2904 ab
2453 2846 2599 2920 ipso

357 2922 619 2984 Christo
663 2926 946 2984 Domino
1002 2928 1072 2984 in
1122 2944 1410 3000 persona
1466 2927 1846 2986 Beatissimi
1896 2926 2080 2986 Petri
2134 2926 2599 3000 Apostolorum

355 3004 691 3080 Principis
723 3006 1040 3078 officium,
1076 3024 1452 3082 munusque
1486 3007 1811 3082 pascendi
1860 3023 2072 3082 agnos
2103 3015 2170 3065 et
2199 3022 2382 3079 oves,
2435 3023 2599 3064 nun-

359 3102 561 3160 quam
605 3088 1088 3144 intermiserint
1116 3088 1502 3146 universum
1560 3087 1986 3147 DomInicum
2035 3102 2314 3162 gregem
2368 3087 2597 3144 sedulo

357 3166 655 3226 enutrire
681 3168 910 3224 verbis
942 3168 1120 3236 fidei,
1156 3184 1236 3224 ac
1260 3170 1542 3226 salutari
1585 3169 1894 3227 doctrina
1925 3168 2251 3239 imbuere,
2313 3182 2598 3240 eumque

355 3248 441 3304 ab
467 3248 822 3306 venenatis
854 3248 1124 3320 pascuis
1152 3264 1410 3320 arcere,
1440 3249 1746 3307 omnibus
1773 3250 2045 3322 quidem
2068 3265 2148 3306 ac
2174 3247 2381 3307 Vobis
2410 3263 2597 3322 prae-

357 3328 587 3386 sertim
615 3334 1050 3400 compertum,
1086 3328 1645 3402 exploratumque
1671 3337 1794 3402 est,
1828 3328 2270 3389 Venerabiles
2298 3327 2595 3386 Fratres.

355 3408 437 3464 Et
469 3424 631 3466 sane
663 3408 864 3466 iidem
914 3408 1318 3466 Decessores
1356 3408 1601 3481 Nostri,
1653 3418 1984 3485 augustae
2036 3408 2410 3476 catholicae
2445 3410 2597 3466 reli-

359 3488 601 3560 gionis,
629 3488 942 3546 veritatis
966 3504 1048 3544 ac
1068 3490 1374 3562 justitiae
1402 3497 1770 3548 assertores
1790 3498 1858 3548 et
1881 3490 2208 3562 vindices,
2243 3489 2326 3547 de
2350 3490 2599 3547 anima-

355 3584 501 3626 rum
535 3568 751 3626 salute
783 3570 1076 3626 maxime
1134 3570 1406 3628 solliciti
1442 3569 1606 3628 nihil
1659 3571 1881 3644 potius
1924 3586 2220 3644 unquam
2274 3569 2593 3642 habuere,

357 3664 557 3722 quam
591 3648 1108 3722 sapientissimis
1166 3652 1302 3708 suis
1347 3650 1641 3723 LitteriS‚
1680 3657 1746 3708 et
1796 3648 2396 3708 Constitutionibus
2427 3656 2595 3706 rete-

355 3744 521 3800 gere
555 3736 623 3786 et
653 3730 976 3788 damnare
1012 3746 1240 3788 omnes
1262 3732 1579 3790 haereses
1610 3736 1677 3788 et
1725 3745 2007 3802 erroreS,
2047 3729 2160 3803 qui
2191 3729 2462 3787 divinae
2493 3728 2595 3786 Fi-

355 3808 465 3866 dei
489 3816 781 3882 nostrae,
810 3812 1184 3868 catholicae
1204 3812 1551 3870 Ecclesiae
1571 3810 1943 3883 doctrinae,
1963 3825 2220 3868 morum
2237 3810 2593 3882 honestati,

355 3906 435 3946 ac
467 3890 920 3962 sempiternae
952 3892 1292 3950 hominum
1326 3892 1528 3950 saluti
1563 3890 1856 3964 adversi,
1915 3905 2162 3963 graves
2204 3889 2597 3962 frequenter

355 3970 743 4028 excitarunt
769 3978 1222 4044 tempestates,
1254 3980 1320 4030 et
1350 3972 1788 4030 christianam
1811 3970 2216 4044 civilemque
2238 3970 2595 4043 rempubli-

355 4066 505 4108 cam
549 4050 1008 4108 miserandum
1060 4052 1130 4110 in
1185 4054 1452 4110 modum
1498 4054 1948 4110 funestarunt.
2011 4049 2342 4124 Quocirca
2390 4049 2597 4110 iidem

353 4128 761 4190 Decessores
793 4132 1018 4190 Nostri
1050 4131 1877 4206 Apostolica-fortitudine
1927 4131 2352 4190 contin-enter
2394 4130 2592 4190 obsti-

353 4216 583 4270 terunt
613 4212 894 4270 nefariis
922 4212 1304 4286 iniquorum
1331 4214 1670 4272 hominum
1700 4210 2176 4286 molitionibus,
2213 4211 2329 4286 qui
2358 4212 2593 4286 despu-

353 4298 619 4350 mantes
677 4298 998 4368 tanquam
1060 4292 1302 4354 fluctus
1346 4294 1478 4354 feri
1534 4292 1739 4354 maris
1787 4292 2218 4356 confusiones
2274 4307 2453 4367 suas,
2515 4308 2593 4352 ac
