3332 5100
1197 378 1549 436 -111-

273 522 551 586 nutione
585 522 1001 604 pontificiae
1029 524 1513 602 auctoritatis;
1547 522 1639 586 ad
1665 540 1878 604 quem
1906 522 2206 588 abusum
2232 522 2496 586 tollen-1

271 628 427 692 dum
459 628 875 692 Bonifacius
909 628 1039 708 IX,
1079 628 1355 692 Urbani
1389 628 1487 692 VI
1521 646 1926 710 successor,
1992 628 2216 692 edidit
2272 627 2490 692 Cons-

271 736 667 800 titutionem
701 736 975 800 Intenta
1009 736 1259 800 salutis
1295 754 1485 800 anno
1521 736 1718 816 1403,
1762 736 1836 800 in
1904 756 2048 818 qua
2110 736 2490 818 Episcopis

269 842 827 906 interdicebatur
859 860 1169 906 examen
1193 842 1561 906 Bullarum
1585 844 2150 908 Pontificiarum.
2170 842 2310 908 Sed
2332 862 2492 908 cum

269 950 573 1014 schisma
609 950 1063 1032 perduraret,
1105 952 1177 1012 et
1209 950 1475 1014 abusus
1513 934 1734 1014 etiam
1796 956 2336 1034 perseveraret,
2374 950 2492 1014 de-

271 1060 535 1120 cretum
569 1056 925 1120 Bonifacii
961 1056 1069 1120 IX
1133 1056 1605 1140 adimpletum
1672 1076 1816 1122 non
1876 1058 2036 1140 fuit3
2098 1060 2493 1140 eapropter

271 1164 613 1228 Martinus
647 1164 735 1246 V,
773 1164 1095 1228 extincto
1135 1164 1551 1240 schismate,
1593 1162 2124 1230 Constitutione
2158 1164 2348 1240 Quod
2372 1186 2494 1230 an-

271 1272 477 1338 tidota
509 1272 701 1334 hanc
739 1272 1233 1352 corruptelam
1261 1272 1633 1354 extirpare
1661 1274 1942 1354 volenS,
1974 1272 2352 1354 Episcopis
2390 1276 2492 1336 tu·

269 1378 343 1440 lit
367 1376 793 1440 facultatem
831 1394 873 1438 a
907 1394 1033 1438 suo
1069 1376 1643 1442 Praedecessore
1710 1378 2006 1442 Urbano
2070 1378 2166 1444 VI
2226 1378 2496 1442 eisdem

271 1502 683 1548 concessam
725 1484 813 1546 ob
849 1484 1253 1546 luctuosam
1283 1482 1485 1548 Sedis
1522 1484 1992 1566 Apostolicae
2027 1490 2200 1550 tunc
2224 1490 2496 1566 ternpo-

269 1594 359 1656 ris
393 1592 905 1656 conditionem.
943 1590 1017 1654 Si
1043 1592 1261 1672 igitur
1297 1594 1554 1656 Placia·
1617 1594 1968 1674 originem
2034 1612 2494 1676 quaeramus,

271 1704 549 1764 constat
605 1699 681 1762 in
735 1698 881 1762 suis
947 1698 1363 1780 primordiis
1431 1698 1872 1782 Episcopale
1934 1704 2213 1764 tantum
2276 1700 2498 1764 fuisse

271 1812 477 1890 atque
513 1808 587 1870 in
625 1807 975 1870 exercitio
1016 1808 1327 1888 positum
1365 1824 1457 1870 ex
1499 1808 1968 1872 concessione
2034 1826 2230 1872 mere
2292 1824 2496 1870 oeco-

269 1916 551 1980 nomica
581 1914 1067 1978 Romanorum
1101 1914 1551 1978 Pontificum.
1637 1942 1639 1946 ·

435 2022 813 2104 Principes
849 2040 1051 2102 vem,
1091 2038 1251 2084 cum
1285 2022 1423 2086 hac
1473 2022 1800 2110 ominosa
1858 2022 2271 2086 schismatis
2308 2024 2498 2086 aeta·

271 2134 381 2194 tae
443 2130 781 2194 nationes
847 2128 1253 2192 catholicae
1319 2146 1587 2210 magna
1653 2128 2012 2192 divisione
2078 2130 2502 2192 laborarent

273 2238 501 2320 quoad
535 2236 1027 2302 obedientiam
1057 2248 1127 2298 et
1153 2236 1475 2316 legitimo
1527 2236 1858 2300 Pontifici
1922 2238 2496 2316 submissionem,

275 2352 343 2408 et
375 2346 496 2410 uni
523 2344 647 2408 vel
683 2344 893 2406 alteri
929 2342 1259 2406 Pontifici
1287 2344 1798 2424 adhaererent,
1836 2348 2230 2426 coeperunt
2282 2344 2502 2408 etiam

273 2452 655 2536 aliquando
691 2450 1067 2514 sanctione
1133 2450 1331 2514 civili
1398 2452 1678 2514 munire
1734 2452 1982 2514 Bullas
2048 2452 2498 2534 Pontificum,

273 2563 523 2643 quibus
553 2560 1076 2641 adhaerebant,
1111 2561 1421 2623 caeteris
1477 2562 1816 2625 exclusis„
1884 2561 2110 2625 Nemo
2170 2561 2502 2643 equidem

275 2669 729 2751 Principibus
795 2667 1149 2749 ejusmodi
1175 2669 1603 2731 facultatem
1672 2669 1948 2749 tribuit,
2026 2667 2154 2731 sed
2216 2669 2504 2749 ipsimet

273 2779 567 2859 propria
605 2775 1067 2853 auctoritate,
1139 2779 1353 2855 prout
1417 2775 1536 2837 vel
1571 2773 1904 2837 Pontifici
1968 2773 2314 2855 Romano,
2382 2775 2504 2839 vel

271 2883 787 2961 Avenionensi,
827 2883 949 2947 vel
983 2881 1245 2945 Pisano
1281 2881 1503 2943 adicti
1541 2885 1808 2961 essent,
1840 2881 1978 2943 sibi
2036 2881 2506 2945 vin-dicarunt

267 2991 375 3071 jus
403 2989 839 3073 inspiciendi
907 2979 1471 3053 Constit‘utiones
1532 2989 1984 3071 Pontificum,
2054 2991 2218 3053 illas
2254 2989 2504 3053 admit-

272 3099 481 3161 tendo
551 3115 739 3179 quae
773 3115 817 3159 a
841 3095 1191 3159 Pontifice
1223 3117 1391 3160 suae
1427 3097 1922 3161 communionis
1964 3097 2506 3177 proficisceren-

281 3209 411 3289 tur,
443 3211 921 3285 caeterasque
947 3203 1369 3283 rejiciendO,
1405 3221 1591 3283 quae
1621 3221 1663 3265 a
1698 3203 2168 3267 Pontificibus
2220 3203 2506 3285 illegiti-

275 3313 399 3377 mis
453 3313 695 3377 editae
757 3311 1083 3375 fuissent.
1119 3309 1227 3373 En
1259 3309 1607 3373 historica
1641 3311 1930 3391 genesis
1964 3311 2314 3373 Placitiin
2350 3328 2508 3391 reg-

275 3419 379 3483 nis
413 3419 837 3501 Hispaniae,
907 3415 1217 3499 Galliae,
1281 3417 1617 3499 Angliae‚
1686 3417 2132 3499 Lusitaniae,
2190 3417 2506 3497 Siciliae,

277 3525 503 3609 Belgii
535 3533 751 3609 atque
786 3525 1309 3607 Parthenopes·

445 3635 881 3699 Monendum
919 3637 1051 3713 est,
1091 3633 1283 3715 quod
1317 3637 1481 3715 post
1517 3633 2037 3697 extinctionem
2102 3633 2512 3695 schismatis

279 3745 345 3803 et
377 3741 669 3807 Martini
701 3741 763 3805 V
799 3739 1229 3803 electionem
1263 3741 1337 3803 in
1379 3729 1700 3803 Concilio
1742 3739 2278 3803 Constantiensi
2322 3757 2510 3801 anno

283 3847 441 3913 1417
479 3851 727 3931 habiti,
761 3851 913 3913 lata
951 3849 1041 3911 ab
1079 3847 1331 3911 eodem
1367 3847 1575 3911 Bulla
1615 3847 1808 3921 Quod
1842 3849 2178 3925 antidota,
2216 3841 2508 3911 videba-

277 3957 387 4017 tur
415 3955 767 4019 Placitum
803 3955 1149 4019 abolitum
1179 3955 1293 4035 iri,
1325 3957 1657 4017 cessante
1688 3955 1878 4017 enim
1914 3971 2160 4035 causa,
2196 3959 2268 4017 et
2296 3954 2512 4019 effec-

281 4065 387 4125 tus
423 4081 715 4127 cessare
747 4061 1015 4141 debuit;
1059 4067 1131 4125 et
1165 4061 1453 4143 quidem
1485 4061 1561 4125 in
1595 4061 1924 4125 omnibus
1988 4061 2144 4125 fere
2206 4061 2512 4125 nationi-

281 4167 405 4231 bus
441 4167 1003 4235 Constitutiones
1037 4169 1459 4234 Pontificiae
1497 4169 1726 4251 recipi
1780 4173 1852 4233 et
1884 4169 2112 4239 libere
2182 4169 2516 4251 evulgari

285 4287 831 4361 consueverunt,
869 4279 1091 4343 etiam
1125 4279 1199 4341 in
1235 4277 1501 4361 Gallia,
1541 4277 1661 4341 ubi
1694 4295 1828 4341 rex
1864 4275 2166 4343 Carolus
2204 4277 2338 4343 VII
2366 4277 2514 4358 Jus-
