3332 5100
2462 344 2531 389 11

365 480 738 575 gratiam
769 486 1196 576 tyronum,
1245 480 1390 576 qui
1448 479 1535 555 in
1591 478 2061 555 Seminario
2121 479 2605 577 Hispalensi

365 619 880 694 addiscendo
943 619 1132 695 Juri
1171 617 1769 695 Ecclesiastico
1840 641 2187 718 operam
2252 627 2603 714 navant,

368 773 462 833 ut
491 760 614 834 ita
656 759 890 837 ‚Juris
949 759 1306 835 studiosi
1364 780 1526 834 uno
1589 760 2019 835 volumine
2076 769 2161 835 et
2222 760 2610 836 ordinato

368 869 864 995 compendio
899 918 1184 973 omnes
1215 899 1809 996 praenotiones
1868 901 2087 975 scitu
2128 900 2435 998 dignas
2501 901 2611 977 ad

366 1051 692 1115 rectam
767 1050 854 1115 et
917 1039 1383 1137 pleniorem
1451 1039 1502 1115 J
1513 1040 1683 1114 uris
1748 1040 2358 1135 Ecclesiastici,
2429 1042 2611 1118 sive

317 1182 833 1275 „Generaliffi
881 1185 1064 1259 sive
1118 1184 1588 1281 Hispanici,
1653 1184 2316 1283 intelligentiam
2378 1187 2608 1263 inve-

363 1328 632 1422 niant,
670 1336 1132 1423 antequam
1179 1328 1289 1403 ad
1349 1328 1795 1403 ulteriores
1852 1330 2395 1426 quaestiones
2464 1350 2611 1427 pe-

364 1466 626 1542 nitius
659 1468 1306 1566 investigandas
1347 1470 2034 1569 progrediantur.

579 1610 708 1686 Ad
772 1610 982 1685 haec
1053 1611 1411 1705 accedit,
1485 1613 1712 1709 quod
1770 1612 2150 1687 nonnulli
2216 1612 2468 1687 amici
2529 1620 2613 1687 et

367 1752 721 1827 scientia
757 1753 1152 1849 praediti,
1191 1762 1275 1826 et
1313 1754 1826 1829 auctoritate
1884 1753 2308 1851 insigniti,
2371 1754 2610 1829 forsi-

368 1899 518 1965 tan
545 1893 810 1967 m'mia
869 1894 1466 1968 benevolentia
1531 1896 1922 1991 permoti,
2008 1897 2182 1970 suis
2242 1896 2613 1973 consiliis

367 2034 478 2107 ad
509 2035 1145 2132 evulgationem
1176 2035 1422 2129 hujus
1478 2036 1677 2111 libri
1718 2058 1850 2111 me
1909 2037 2342 2113 adhortati
2382 2047 2606 2133 sunt;

367 2178 709 2253 aliunde
744 2200 944 2254 vero
977 2198 1146 2254 non
1175 2180 1427 2275 pauci
1465 2178 1788 2253 alumni
1828 2201 1881 2254 a
1912 2202 2043 2255 me
2076 2178 2324 2255 enixe
2385 2180 2611 2255 effla·-

371 2323 786 2418 gitarunt,
828 2333 918 2397 ut
949 2344 1159 2419 quas
1207 2323 1609 2417 maxima,
1675 2326 1958 2419 prouti
2014 2323 2383 2421 benigne
2440 2323 2611 2419 aje-

371 2465 604 2560 bant,
635 2464 1169 2559 jucunditate
1202 2476 1284 2538 et
1328 2466 1701 2539 utilitate
1751 2467 2263 2541 audiverant
2323 2466 2609 2541 lectio·

365 2629 542 2702 nes,
581 2612 813 2706 typis
853 2612 1099 2684 edere
1131 2632 1234 2684 ne
1267 2630 1666 2684 morarer:
1704 2609 2043 2684 illorum
2086 2610 2353 2704 igitur
2414 2630 2604 2682 sua-

370 2753 744 2832 sionibus
816 2764 1080 2850 atque·
1147 2754 1503 2828 istorum
1591 2751 2051 2827 instantiae
2141 2753 2612 2849 parendum

373 2896 605 2991 duxi,
633 2918 740 2970 ne
764 2897 1260 2972 reluctando
1281 2899 1564 2996 potius
1595 2918 1851 2995 quam
1876 2898 2290 2975 modestia
2335 2921 2482 2976 occ
2493 2899 2609 2973 ul-

371 3048 512 3114 tae
549 3043 996 3140 superbiae
1028 3045 1619 3144 obtemperare
1650 3046 2019 3122 viderer.

585 3188 999 3286 Equidem
1038 3191 1381 3266 minime
1415 3213 1546 3266 me
1611 3193 1837 3290 fugit
1897 3199 2309 3289 quantum
2366 3193 2611 3269 casti-

371 3337 562 3430 gari
637 3348 720 3410 et
784 3339 1187 3436 perpoliri
1253 3340 1664 3434 ejusmodi
1706 3339 2317 3437 praelectiones
2389 3338 2603 3411 indi-

372 3489 663 3576 geant3
701 3505 996 3560 verum
1057 3488 1263 3562 mihi
1301 3489 1916 3586 indulgendum
1956 3509 2137 3562 esse
2200 3507 2473 3583 spere,
2516 3507 2613 3562 eo

373 3626 599 3720 qued
629 3649 802 3704 non
829 3631 1101 3706 doctis
1141 3654 1350 3731 opus
1383 3655 1661 3708 meum
1693 3635 2120 3709 destinare
2152 3630 2613 3724 intendam,

371 3769 521 3844 sed
549 3772 656 3847 iis
695 3775 838 3870 qui
872 3775 1100 3850 docti
1137 3777 1322 3852 fieri
1353 3778 1677 3872 volunt,
1743 3779 2230 3877 primosque
2289 3778 2381 3850 in
2436 3777 2609 3869 via,

369 3937 590 4013 quae
665 3921 774 3994 ad
847 3924 1292 3999 scientiam
1366 3901 1859 4001 canonicam
1935 3926 2195 4020 ducit,
2265 3899 2639 4022 gressus⁶

368 4071 726 4158 ponunt.

613 4212 1160 4291 Adumbratis
1225 4218 1650 4292 rationum
1726 4217 2201 4311 momentis,
2310 4214 2615 4313 quibus
