3332 5100
1133 295 1558 384 '-239-

287 470 436 536 talis
459 486 663 534 suum
696 469 1025 552 regimen
1062 487 1150 534 ac
1183 469 1513 553 politiam
1543 469 1816 552 regulis
1852 486 1945 534 ex
1981 466 2207 534 Sacra
2264 466 2498 551 Scrip-

284 581 434 642 tura
463 579 536 642 et
581 577 971 643 traditione
1033 576 1358 642 deductis
1425 576 1970 659 attemperavit,
2029 576 2135 640 ita
2204 580 2283 642 ut
2348 580 2502 640 tota

283 685 424 749 fere
483 685 872 767 disciplina
936 686 1255 750 moribus
1316 689 1538 768 atque
1632 671 2153 751 consuetudine
2243 685 2498 766 magiS,

283 794 673 876 quamJure
728 793 1001 875 scripto
1072 793 1440 877 plerisque
1502 793 1576 858 in
1633 793 1851 857 rebus
1909 797 2303 857 constaret.
2364 790 2504 856 Sed

281 906 651 984 postquam
683 901 934 968 habita
1000 904 1112 965 est
1172 900 1498 965 Nicaena
1553 899 1911 982 Synodus,
1982 901 2137 981 eJus
2189 917 2504 964 canones

279 1007 493 1073 latine
525 1007 792 1072 redditi
817 1011 1007 1090 sunt,
1046 1007 1446 1090 iisdemque
1497 1007 1600 1072 uti
1635 1007 1878 1089 coepit
1940 1006 2205 1072 Latina
2259 1005 2504 1071 Eccle-

279 1116 381 1179 sia
431 1133 572 1179 una
629 1131 791 1179 cum
857 1113 1431 1196 sardicensibus,
1499 1115 1841 1197 quoniam
1906 1113 2043 1178 hoc
2108 1113 2506 1179 Concilium

280 1227 639 1304 tamquam
699 1221 1005 1287 Nicaeni
1063 1221 1432 1303 appendix
1488 1239 1777 1302 semper
1854 1225 2263 1304 spectatum
2345 1221 2502 1315 tuit.

279 1328 645 1412 Ejusmodi
683 1327 1168 1394 Consiliorum
1205 1347 1521 1395 canones
1558 1327 1921 1408 Codicem,
1991 1347 2202 1412 quem
2257 1330 2500 1414 primi-

278 1438 542 1522 qenium
576 1454 950 1518 vocamus,
989 1438 1406 1517 efformant,
1447 1437 1803 1519 siquidem
1866 1437 1959 1502 ad
2023 1441 2340 1502 aetatem
2401 1455 2508 1500 re-

278 1545 744 1609 motissimam
779 1549 945 1625 post
976 1563 1235 1628 pacem
1263 1544 1642 1609 Ecclesiae
1697 1545 2213 1628 subsequutam
2267 1545 2508 1609 imme-

279 1650 466 1717 diate
494 1652 838 1734 assurgit.

445 1759 649 1824 Haec
693 1758 999 1824 assertio
1035 1761 1294 1842 aperte
1347 1760 1865 1842 comprobatur
1931 1758 2318 1823 luculentis
2373 1761 2512 1824 tes-

275 1865 586 1930 timoniis
620 1865 1027 1931 Innocentii
1057 1866 1091 1930 I
1129 1867 1276 1949 qui,
1316 1867 1408 1932 ad
1443 1866 1733 1933 Olerum
1761 1870 1834 1931 et
1887 1866 2239 1948 Populum
2297 1863 2514 1930 Cons-

275 1974 961 2056 tantinopolitanum
995 1974 1348 2056 scribens,
1412 1974 1516 2039 ita
1581 1975 1840 2057 inquit:
1900 1972 2093 2049 Quod
2133 1981 2361 2038 autem
2422 1974 2516 2038 ad

275 2101 610 2148 canonum
665 2083 1202 2146 observationem
1237 2083 1506 2163 attinet,
1563 2082 1732 2147 solis
1776 2081 1923 2146 illis
1946 2081 2342 2165 parendum
2375 2101 2516 2145 esse

277 2189 598 2271 dicimaS,
637 2191 755 2273 qui
815 2190 1087 2255 Nicaea
1141 2191 1408 2275 definiti
1471 2197 1660 2270 sunt,·
1725 2210 1891 2273 quos
1930 2189 2110 2255 solos
2143 2189 2396 2255 sectari
2456 2196 2518 2252 ct

274 2318 637 2383 aynoscere
689 2298 880 2362 debet
926 2297 1243 2362 Ecclesia
1315 2296 1668 2364 Catholica
1708 2298 1826 2381 (1):
1889 2303 1960 2362 ct
2016 2297 2112 2361 ad
2165 2297 2517 2378 Theophi⁴

277 2403 416 2468 lum
471 2404 1052 2468 Alexandrinum
1109 2405 1413 2486 loquens
1475 2405 1580 2469 sic
1619 2406 2107 2487 prosequitur:
2174 2405 2277 2469 Ta
2308 2406 2520 2490 ἐρέτην

279 2512 337 2575 η’
357 2511 640 2597 judicio
677 2511 985 2598 confidis,
1028 2511 1190 2576 siste
1247 2518 1308 2575 tc
1372 2511 1465 2576 ad
1512 2511 1863 2597 Syveodum
1928 2531 2100 2595 quae
2152 2510 2522 2575 secundam

279 2616 627 2684 Christum
652 2619 898 2703 fuerit,
939 2626 1002 2682 et
1037 2620 1135 2681 ibi
1167 2620 1501 2701 ompositis
1535 2620 2134 2684 cri-minationibus
2166 2620 2286 2683 sub
2338 2621 2518 2684 testi-

275 2727 392 2791 bus
454 2727 762 2791 Nicaeni
800 2724 1092 2792 Concilii
1129 2728 1502 2791 canonibus
1539 2728 1783 2806 (alium
1818 2728 1994 2791 enim
2026 2748 2358 2792 canonem
2390 2728 2520 2793 Ro-

275 2856 480 2899 mana
508 2856 653 2899 non
681 2833 989 2899 admittit
1021 2832 1396 2915 Ecclesia),
1431 2835 1870 2899 securitatem
1910 2835 2185 2901 habebis
2249 2842 2520 2900 contra-

276 2940 602 3007 dictionis
635 2950 983 3025 coepertem
1017 2942 1138 3022 (2).

449 3048 563 3113 Ex
598 3048 855 3131 quibus
908 3048 1154 3114 verbis
1203 3048 1343 3113 rite
1390 3048 1920 3131 interpretatiS,
1978 3050 2218 3131 prouti
2280 3049 2520 3114 obser-

275 3158 455 3219 vant
488 3156 788 3221 Fratres
824 3156 1202 3238 Ballerini‚
1233 3156 1614 3221 evidenter
1661 3156 2029 3238 colligitur
2063 3156 2156 3221 ad
2192 3161 2522 3238 tempora

278 3281 506 3346 usque
536 3264 748 3345 hujus
803 3263 1174 3329 Pontificis
1243 3263 1643 3331 Romanam
1700 3263 2107 3329 Ecclesiam
2162 3264 2522 3330 Nicaenos

277 3373 560 3436 tantum
593 3388 913 3437 canones
950 3372 1340 3453 agnovisse
1373 3373 1586 3437 simul
1623 3390 1786 3436 cum
1822 3370 2397 3437 SardicensibuS.

453 3479 612 3544 209.
707 3479 1010 3544 Praeter
1047 3478 1238 3544 hunc
1262 3480 1775 3562 primigenium
1831 3481 2156 3545 codicem
2206 3498 2522 3546 canones

277 3584 337 3651 N
340 3586 640 3652 icaenos
663 3590 736 3650 et
761 3585 1230 3652 Sardicenses
1259 3590 1885 3670 complectentem,
1903 3591 2307 3671 temporum
2337 3593 2522 3652 trac-

279 3696 355 3756 tu
390 3692 845 3759 Graecorum
903 3694 1240 3759 collectio
1298 3694 1885 3777 privatostudio
1948 3694 2177 3759 latine
2240 3694 2524 3759 reddita

279 3804 412 3864 est.
449 3800 536 3864 In
573 3801 867 3866 dubium
907 3802 1247 3867 revocari
1295 3804 1569 3887 nequit,
1631 3803 1807 3886 quin
1871 3805 2044 3865 ante
2096 3801 2526 3882 Dionysium

278 3908 528 3991 plures
559 3909 808 3979 factae
873 3911 1017 3975 sint
1081 3910 1560 3977 vetustissimi
1608 3908 1875 3976 Graeci
1921 3908 2197 3995 ‚codicis
2250 3908 2525 3973 latinae

426 4178 512 4242 (1)
577 4176 646 4231 In
672 4176 853 4244 Epist.
880 4174 930 4229 7.

428 4248 512 4316 (2)
585 4248 766 4316 Epist.
792 4252 843 4303 5.
