<?xml version="1.0" encoding="UTF-8"?>
<!DOCTYPE html PUBLIC "-//W3C//DTD XHTML 1.0 Transitional//EN"
    "http://www.w3.org/TR/xhtml1/DTD/xhtml1-transitional.dtd">
<html xmlns="http://www.w3.org/1999/xhtml" xml:lang="en" lang="en">
 <head>
  <title>
</title>
<meta http-equiv="Content-Type" content="text/html;charset=utf-8" />
  <meta name='ocr-system' content='tesseract 3.04.00' />
  <meta name='ocr-capabilities' content='ocr_page ocr_carea ocr_par ocr_line ocrx_word'/>
</head>
<body>
  <div class='ocr_page' id='page_1' title='image "./introductioinju00ferngoog_0263.png"; bbox 0 0 3332 5100; ppageno 0'>
   <div class='ocr_carea' id='block_1_1' title="bbox 1238 371 1594 432">
    <p class='ocr_par' dir='ltr' id='par_1_1' title="bbox 1238 371 1594 432">
     <span class='ocr_line' id='line_1_1' title="bbox 1238 371 1594 432; baseline -0.003 -15"><span class='ocrx_word' id='word_1_1' title='bbox 1238 371 1594 432; x_wconf 65' lang='lat'><strong>...243-</strong></span> 
     </span>
    </p>
   </div>
   <div class='ocr_carea' id='block_1_2' title="bbox 295 514 2549 3395">
    <p class='ocr_par' dir='ltr' id='par_1_2' title="bbox 303 514 2541 1136">
     <span class='ocr_line' id='line_1_2' title="bbox 308 514 2539 602; baseline 0 -22"><span class='ocrx_word' id='word_1_2' title='bbox 308 533 579 596; x_wconf 91' lang='lat' dir='ltr'><strong>manus,</strong></span> <span class='ocrx_word' id='word_1_3' title='bbox 616 518 1098 599; x_wconf 87' lang='lat' dir='ltr'><strong>cognomento</strong></span> <span class='ocrx_word' id='word_1_4' title='bbox 1122 515 1440 602; x_wconf 73' lang='lat' dir='ltr'><strong>Eoeiyuus</strong></span> <span class='ocrx_word' id='word_1_5' title='bbox 1472 517 1592 596; x_wconf 85' lang='lat'><strong>(1),</strong></span> <span class='ocrx_word' id='word_1_6' title='bbox 1624 515 1934 581; x_wconf 90' lang='lat' dir='ltr'><strong>scientia</strong></span> <span class='ocrx_word' id='word_1_7' title='bbox 1958 516 2178 598; x_wconf 88' lang='lat' dir='ltr'><strong>atque</strong></span> <span class='ocrx_word' id='word_1_8' title='bbox 2206 514 2539 581; x_wconf 87' lang='lat' dir='ltr'><strong>doctrina</strong></span> 
     </span>
     <span class='ocr_line' id='line_1_3' title="bbox 308 623 2538 706; baseline 0 -18"><span class='ocrx_word' id='word_1_9' title='bbox 308 624 680 705; x_wconf 87' lang='lat' dir='ltr'><strong>maximus,</strong></span> <span class='ocrx_word' id='word_1_10' title='bbox 717 623 992 705; x_wconf 88' lang='lat' dir='ltr'><strong>pietate</strong></span> <span class='ocrx_word' id='word_1_11' title='bbox 1026 639 1115 688; x_wconf 85' lang='lat' dir='ltr'><strong>ac</strong></span> <span class='ocrx_word' id='word_1_12' title='bbox 1140 624 1341 687; x_wconf 90' lang='lat' dir='ltr'><strong>vitae</strong></span> <span class='ocrx_word' id='word_1_13' title='bbox 1377 624 1800 704; x_wconf 88' lang='lat' dir='ltr'><strong>integritate</strong></span> <span class='ocrx_word' id='word_1_14' title='bbox 1835 623 2289 706; x_wconf 87' lang='lat' dir='ltr'><strong>praeclarus,</strong></span> <span class='ocrx_word' id='word_1_15' title='bbox 2323 624 2538 705; x_wconf 86' lang='lat' dir='ltr'><strong>juxta</strong></span> 
     </span>
     <span class='ocr_line' id='line_1_4' title="bbox 308 729 2539 814; baseline 0 -18"><span class='ocrx_word' id='word_1_16' title='bbox 308 729 737 812; x_wconf 75' lang='lat' dir='ltr'><strong>cassiodori,</strong></span> <span class='ocrx_word' id='word_1_17' title='bbox 775 729 1175 810; x_wconf 88' lang='lat' dir='ltr'><strong>Thritemii‚</strong></span> <span class='ocrx_word' id='word_1_18' title='bbox 1239 730 1662 794; x_wconf 87' lang='lat' dir='ltr'><strong>Bellarmini</strong></span> <span class='ocrx_word' id='word_1_19' title='bbox 1722 731 2181 814; x_wconf 89' lang='lat' dir='ltr'><strong>aliorumque</strong></span> <span class='ocrx_word' id='word_1_20' title='bbox 2236 732 2539 814; x_wconf 88' lang='lat' dir='ltr'><strong>scripto-</strong></span> 
     </span>
     <span class='ocr_line' id='line_1_5' title="bbox 304 838 2536 920; baseline 0 -18"><span class='ocrx_word' id='word_1_21' title='bbox 304 855 454 903; x_wconf 91' lang='lat' dir='ltr'><strong>rum</strong></span> <span class='ocrx_word' id='word_1_22' title='bbox 481 838 919 919; x_wconf 86' lang='lat' dir='ltr'><strong>testimonia,</strong></span> <span class='ocrx_word' id='word_1_23' title='bbox 956 839 1370 902; x_wconf 82' lang='lat' dir='ltr'>collectioni</span> <span class='ocrx_word' id='word_1_24' title='bbox 1437 856 1821 920; x_wconf 84' lang='lat' dir='ltr'><strong>canonum,</strong></span> <span class='ocrx_word' id='word_1_25' title='bbox 1862 839 2177 903; x_wconf 90' lang='lat' dir='ltr'><strong>omnium</strong></span> <span class='ocrx_word' id='word_1_26' title='bbox 2213 838 2536 903; x_wconf 89' lang='lat' dir='ltr'><strong>celebra-</strong></span> 
     </span>
     <span class='ocr_line' id='line_1_6' title="bbox 304 944 2541 1029; baseline -0 -18"><span class='ocrx_word' id='word_1_27' title='bbox 304 947 621 1011; x_wconf 88' lang='lat' dir='ltr'><strong>tissimae</strong></span> <span class='ocrx_word' id='word_1_28' title='bbox 647 949 721 1010; x_wconf 85' lang='lat' dir='ltr'><strong>et</strong></span> <span class='ocrx_word' id='word_1_29' title='bbox 747 946 1186 1010; x_wconf 88' lang='lat' dir='ltr'><strong>auctoritate</strong></span> <span class='ocrx_word' id='word_1_30' title='bbox 1213 947 1598 1029; x_wconf 86' lang='lat' dir='ltr'><strong>maximae,</strong></span> <span class='ocrx_word' id='word_1_31' title='bbox 1631 946 1708 1009; x_wconf 91' lang='lat' dir='ltr'><strong>in</strong></span> <span class='ocrx_word' id='word_1_32' title='bbox 1736 963 1939 1011; x_wconf 91' lang='lat' dir='ltr'><strong>usum</strong></span> <span class='ocrx_word' id='word_1_33' title='bbox 1958 945 2269 1011; x_wconf 77' lang='lat' dir='ltr'><strong>Latinae</strong></span> <span class='ocrx_word' id='word_1_34' title='bbox 2293 944 2541 1010; x_wconf 81' lang='lat' dir='ltr'><strong>Eccle-</strong></span> 
     </span>
     <span class='ocr_line' id='line_1_7' title="bbox 303 1051 1037 1136; baseline -0.003 -18"><span class='ocrx_word' id='word_1_35' title='bbox 303 1054 450 1118; x_wconf 83' lang='lat' dir='ltr'><strong>siae</strong></span> <span class='ocrx_word' id='word_1_36' title='bbox 484 1070 782 1136; x_wconf 91' lang='lat' dir='ltr'><strong>operam</strong></span> <span class='ocrx_word' id='word_1_37' title='bbox 818 1051 1037 1118; x_wconf 80' lang='lat' dir='ltr'><strong>dedit.</strong></span> 
     </span>
    </p>

    <p class='ocr_par' dir='ltr' id='par_1_3' title="bbox 297 1160 2545 1978">
     <span class='ocr_line' id='line_1_8' title="bbox 480 1160 2540 1246; baseline -0.002 -17"><span class='ocrx_word' id='word_1_38' title='bbox 480 1160 714 1229; x_wconf 73' lang='lat' dir='ltr'><strong>Causa</strong></span> <span class='ocrx_word' id='word_1_39' title='bbox 747 1163 820 1228; x_wconf 88' lang='lat' dir='ltr'><strong>et</strong></span> <span class='ocrx_word' id='word_1_40' title='bbox 840 1161 1149 1246; x_wconf 79' lang='lat' dir='ltr'><strong>Epocka.</strong></span> <span class='ocrx_word' id='word_1_41' title='bbox 1189 1160 1398 1225; x_wconf 88' lang='lat' dir='ltr'><strong>Hanc</strong></span> <span class='ocrx_word' id='word_1_42' title='bbox 1430 1178 1699 1226; x_wconf 89' lang='lat' dir='ltr'><strong>novam</strong></span> <span class='ocrx_word' id='word_1_43' title='bbox 1748 1162 1824 1226; x_wconf 90' lang='lat' dir='ltr'><strong>et</strong></span> <span class='ocrx_word' id='word_1_44' title='bbox 1856 1161 2387 1226; x_wconf 80' lang='lat' dir='ltr'><strong>accuratiorem</strong></span> <span class='ocrx_word' id='word_1_45' title='bbox 2423 1177 2540 1225; x_wconf 88' lang='lat' dir='ltr'><strong>ca-</strong></span> 
     </span>
     <span class='ocr_line' id='line_1_9' title="bbox 304 1267 2541 1351; baseline -0.002 -14"><span class='ocrx_word' id='word_1_46' title='bbox 304 1289 568 1338; x_wconf 90' lang='lat' dir='ltr'><strong>nonum</strong></span> <span class='ocrx_word' id='word_1_47' title='bbox 606 1270 1139 1351; x_wconf 81' lang='lat' dir='ltr'><strong>collectionem,</strong></span> <span class='ocrx_word' id='word_1_48' title='bbox 1178 1270 1471 1334; x_wconf 87' lang='lat' dir='ltr'><strong>saeculo</strong></span> <span class='ocrx_word' id='word_1_49' title='bbox 1504 1269 1602 1334; x_wconf 95' lang='lat' dir='ltr'><strong>VI</strong></span> <span class='ocrx_word' id='word_1_50' title='bbox 1628 1269 1949 1351; x_wconf 88' lang='lat' dir='ltr'><strong>ineunte,</strong></span> <span class='ocrx_word' id='word_1_51' title='bbox 1988 1269 2381 1351; x_wconf 84' lang='lat' dir='ltr'><strong>Dionysius</strong></span> <span class='ocrx_word' id='word_1_52' title='bbox 2408 1267 2541 1333; x_wconf 88' lang='lat' dir='ltr'><strong>Ro-</strong></span> 
     </span>
     <span class='ocr_line' id='line_1_10' title="bbox 301 1377 2545 1462; baseline -0.002 -18"><span class='ocrx_word' id='word_1_53' title='bbox 301 1397 460 1444; x_wconf 89' lang='lat' dir='ltr'><strong>mae</strong></span> <span class='ocrx_word' id='word_1_54' title='bbox 497 1379 768 1462; x_wconf 90' lang='lat' dir='ltr'><strong>degens</strong></span> <span class='ocrx_word' id='word_1_55' title='bbox 803 1377 898 1461; x_wconf 83' lang='lat'><strong>(2)</strong></span> <span class='ocrx_word' id='word_1_56' title='bbox 937 1395 1329 1460; x_wconf 86' lang='lat' dir='ltr'><strong>aggressus</strong></span> <span class='ocrx_word' id='word_1_57' title='bbox 1367 1381 1502 1458; x_wconf 90' lang='lat' dir='ltr'><strong>est,</strong></span> <span class='ocrx_word' id='word_1_58' title='bbox 1563 1395 1725 1441; x_wconf 91' lang='lat' dir='ltr'><strong>cum</strong></span> <span class='ocrx_word' id='word_1_59' title='bbox 1759 1377 1917 1458; x_wconf 90' lang='lat' dir='ltr'><strong>ipse</strong></span> <span class='ocrx_word' id='word_1_60' title='bbox 1967 1380 2160 1441; x_wconf 91' lang='lat' dir='ltr'><strong>esset</strong></span> <span class='ocrx_word' id='word_1_61' title='bbox 2206 1377 2438 1440; x_wconf 88' lang='lat' dir='ltr'><strong>latina</strong></span> <span class='ocrx_word' id='word_1_62' title='bbox 2472 1378 2545 1440; x_wconf 90' lang='lat' dir='ltr'><strong>et</strong></span> 
     </span>
     <span class='ocr_line' id='line_1_11' title="bbox 302 1481 2543 1569; baseline -0.003 -18"><span class='ocrx_word' id='word_1_63' title='bbox 302 1503 575 1569; x_wconf 87' lang='lat' dir='ltr'><strong>graeca</strong></span> <span class='ocrx_word' id='word_1_64' title='bbox 607 1485 858 1566; x_wconf 88' lang='lat' dir='ltr'><strong>lingua</strong></span> <span class='ocrx_word' id='word_1_65' title='bbox 891 1484 1400 1567; x_wconf 78' lang='lat' dir='ltr'><strong>peritissimuS,</strong></span> <span class='ocrx_word' id='word_1_66' title='bbox 1455 1482 1917 1548; x_wconf 88' lang='lat' dir='ltr'><strong>hortantibus</strong></span> <span class='ocrx_word' id='word_1_67' title='bbox 1969 1482 2363 1548; x_wconf 88' lang='lat' dir='ltr'><strong>Laurentio</strong></span> <span class='ocrx_word' id='word_1_68' title='bbox 2412 1481 2543 1546; x_wconf 91' lang='lat' dir='ltr'><strong>Ro·</strong></span> 
     </span>
     <span class='ocr_line' id='line_1_12' title="bbox 301 1577 2543 1674; baseline -0.002 -16"><span class='ocrx_word' id='word_1_69' title='bbox 301 1611 562 1660; x_wconf 87' lang='lat' dir='ltr'><strong>manae</strong></span> <span class='ocrx_word' id='word_1_70' title='bbox 598 1577 975 1657; x_wconf 76' lang='lat' dir='ltr'><strong>Ecclesiae</strong></span> <span class='ocrx_word' id='word_1_71' title='bbox 1011 1591 1318 1656; x_wconf 88' lang='lat' dir='ltr'><strong>diacono</strong></span> <span class='ocrx_word' id='word_1_72' title='bbox 1358 1595 1429 1655; x_wconf 88' lang='lat' dir='ltr'><strong>et</strong></span> <span class='ocrx_word' id='word_1_73' title='bbox 1454 1589 1823 1673; x_wconf 87' lang='lat' dir='ltr'><strong>Stephano</strong></span> <span class='ocrx_word' id='word_1_74' title='bbox 1859 1590 2220 1674; x_wconf 82' lang='lat' dir='ltr'><strong>Episcopo</strong></span> <span class='ocrx_word' id='word_1_75' title='bbox 2268 1589 2543 1654; x_wconf 89' lang='lat' dir='ltr'><strong>Saloni-</strong></span> 
     </span>
     <span class='ocr_line' id='line_1_13' title="bbox 302 1696 2545 1780; baseline -0.002 -16"><span class='ocrx_word' id='word_1_76' title='bbox 302 1702 471 1764; x_wconf 87' lang='lat' dir='ltr'><strong>tano</strong></span> <span class='ocrx_word' id='word_1_77' title='bbox 507 1698 583 1762; x_wconf 92' lang='lat' dir='ltr'><strong>in</strong></span> <span class='ocrx_word' id='word_1_78' title='bbox 607 1697 1004 1779; x_wconf 86' lang='lat' dir='ltr'><strong>Dalmatia,</strong></span> <span class='ocrx_word' id='word_1_79' title='bbox 1034 1701 1437 1780; x_wconf 87' lang='lat' dir='ltr'><strong>propterea</strong></span> <span class='ocrx_word' id='word_1_80' title='bbox 1492 1696 1682 1780; x_wconf 83' lang='lat' dir='ltr'><strong>quod</strong></span> <span class='ocrx_word' id='word_1_81' title='bbox 1716 1715 2147 1779; x_wconf 86' lang='lat' dir='ltr'><strong>graecorum</strong></span> <span class='ocrx_word' id='word_1_82' title='bbox 2184 1713 2545 1761; x_wconf 86' lang='lat' dir='ltr'><strong>canonum</strong></span> 
     </span>
     <span class='ocr_line' id='line_1_14' title="bbox 298 1802 2543 1885; baseline -0 -16"><span class='ocrx_word' id='word_1_83' title='bbox 298 1806 530 1870; x_wconf 88' lang='lat' dir='ltr'><strong>latina</strong></span> <span class='ocrx_word' id='word_1_84' title='bbox 586 1804 830 1871; x_wconf 87' lang='lat' dir='ltr'><strong>versio</strong></span> <span class='ocrx_word' id='word_1_85' title='bbox 887 1804 1331 1870; x_wconf 86' lang='lat' dir='ltr'><strong>obscuritate</strong></span> <span class='ocrx_word' id='word_1_86' title='bbox 1388 1809 1462 1885; x_wconf 81' lang='lat' dir='ltr'><strong>et</strong></span> <span class='ocrx_word' id='word_1_87' title='bbox 1523 1805 1950 1869; x_wconf 85' lang='lat' dir='ltr'><strong>confusione</strong></span> <span class='ocrx_word' id='word_1_88' title='bbox 2014 1821 2281 1885; x_wconf 89' lang='lat' dir='ltr'><strong>magna</strong></span> <span class='ocrx_word' id='word_1_89' title='bbox 2345 1802 2543 1868; x_wconf 90' lang='lat' dir='ltr'><strong>labo-</strong></span> 
     </span>
     <span class='ocr_line' id='line_1_15' title="bbox 297 1914 537 1978; baseline -0.004 0"><span class='ocrx_word' id='word_1_90' title='bbox 297 1914 537 1978; x_wconf 87' lang='lat' dir='ltr'><strong>rabat.</strong></span> 
     </span>
    </p>

    <p class='ocr_par' dir='ltr' id='par_1_4' title="bbox 295 2018 2548 2838">
     <span class='ocr_line' id='line_1_16' title="bbox 471 2018 2543 2102; baseline 0 -19"><span class='ocrx_word' id='word_1_91' title='bbox 471 2019 649 2083; x_wconf 88' lang='lat' dir='ltr'><strong>Post</strong></span> <span class='ocrx_word' id='word_1_92' title='bbox 680 2018 872 2085; x_wconf 87' lang='lat' dir='ltr'><strong>hanc</strong></span> <span class='ocrx_word' id='word_1_93' title='bbox 904 2019 1322 2086; x_wconf 82' lang='lat' dir='ltr'><strong>versionem</strong></span> <span class='ocrx_word' id='word_1_94' title='bbox 1356 2037 1487 2084; x_wconf 90' lang='lat' dir='ltr'><strong>seu</strong></span> <span class='ocrx_word' id='word_1_95' title='bbox 1520 2020 1827 2085; x_wconf 88' lang='lat' dir='ltr'><strong>latinam</strong></span> <span class='ocrx_word' id='word_1_96' title='bbox 1867 2036 2225 2084; x_wconf 87' lang='lat' dir='ltr'><strong>canonum</strong></span> <span class='ocrx_word' id='word_1_97' title='bbox 2276 2019 2543 2102; x_wconf 88' lang='lat' dir='ltr'><strong>compi-</strong></span> 
     </span>
     <span class='ocr_line' id='line_1_17' title="bbox 295 2124 2545 2209; baseline 0.001 -20"><span class='ocrx_word' id='word_1_98' title='bbox 295 2125 671 2208; x_wconf 88' lang='lat' dir='ltr'><strong>lationem,</strong></span> <span class='ocrx_word' id='word_1_99' title='bbox 709 2124 1104 2209; x_wconf 87' lang='lat' dir='ltr'><strong>Dionysius</strong></span> <span class='ocrx_word' id='word_1_100' title='bbox 1137 2129 1439 2209; x_wconf 89' lang='lat' dir='ltr'><strong>rogatus</strong></span> <span class='ocrx_word' id='word_1_101' title='bbox 1475 2146 1518 2191; x_wconf 93' lang='lat' dir='ltr'><strong>a</strong></span> <span class='ocrx_word' id='word_1_102' title='bbox 1555 2127 1599 2192; x_wconf 87' lang='lat' dir='ltr'><strong>J</strong></span> <span class='ocrx_word' id='word_1_103' title='bbox 1607 2127 1848 2191; x_wconf 88' lang='lat' dir='ltr'><strong>uliano</strong></span> <span class='ocrx_word' id='word_1_104' title='bbox 1883 2126 2252 2191; x_wconf 87' lang='lat' dir='ltr'><strong>Romanae</strong></span> <span class='ocrx_word' id='word_1_105' title='bbox 2296 2126 2545 2193; x_wconf 86' lang='lat' dir='ltr'><strong>Eccle-</strong></span> 
     </span>
     <span class='ocr_line' id='line_1_18' title="bbox 297 2233 2548 2316; baseline 0.001 -19"><span class='ocrx_word' id='word_1_106' title='bbox 297 2233 448 2298; x_wconf 89' lang='lat' dir='ltr'><strong>siae</strong></span> <span class='ocrx_word' id='word_1_107' title='bbox 510 2234 946 2316; x_wconf 86' lang='lat' dir='ltr'><strong>presbytero</strong></span> <span class='ocrx_word' id='word_1_108' title='bbox 1004 2233 1456 2300; x_wconf 87' lang='lat' dir='ltr'><strong>Summorum</strong></span> <span class='ocrx_word' id='word_1_109' title='bbox 1522 2234 1955 2300; x_wconf 87' lang='lat' dir='ltr'><strong>Pontificum</strong></span> <span class='ocrx_word' id='word_1_110' title='bbox 2019 2234 2447 2300; x_wconf 87' lang='lat' dir='ltr'><strong>Decretales</strong></span> <span class='ocrx_word' id='word_1_111' title='bbox 2503 2253 2548 2299; x_wconf 90' lang='lat' dir='ltr'><strong>a</strong></span> 
     </span>
     <span class='ocr_line' id='line_1_19' title="bbox 298 2339 2546 2425; baseline 0 -19"><span class='ocrx_word' id='word_1_112' title='bbox 298 2339 555 2406; x_wconf 87' lang='lat' dir='ltr'><strong>Siricio</strong></span> <span class='ocrx_word' id='word_1_113' title='bbox 593 2358 820 2424; x_wconf 88' lang='lat' dir='ltr'><strong>usque</strong></span> <span class='ocrx_word' id='word_1_114' title='bbox 854 2341 949 2406; x_wconf 92' lang='lat' dir='ltr'><strong>ad</strong></span> <span class='ocrx_word' id='word_1_115' title='bbox 1006 2341 1473 2406; x_wconf 81' lang='lat' dir='ltr'><strong>Anastasium</strong></span> <span class='ocrx_word' id='word_1_116' title='bbox 1528 2342 1625 2425; x_wconf 93' lang='lat' dir='ltr'><strong>II,</strong></span> <span class='ocrx_word' id='word_1_117' title='bbox 1665 2344 1870 2423; x_wconf 85' lang='lat' dir='ltr'><strong>cujus</strong></span> <span class='ocrx_word' id='word_1_118' title='bbox 1927 2342 2061 2406; x_wconf 91' lang='lat' dir='ltr'><strong>sub</strong></span> <span class='ocrx_word' id='word_1_119' title='bbox 2118 2342 2546 2424; x_wconf 84' lang='lat' dir='ltr'><strong>pontificatu</strong></span> 
     </span>
     <span class='ocr_line' id='line_1_20' title="bbox 297 2447 2545 2533; baseline 0 -21"><span class='ocrx_word' id='word_1_120' title='bbox 297 2447 600 2513; x_wconf 88' lang='lat' dir='ltr'><strong>Romam</strong></span> <span class='ocrx_word' id='word_1_121' title='bbox 632 2452 967 2531; x_wconf 87' lang='lat' dir='ltr'><strong>venerat,</strong></span> <span class='ocrx_word' id='word_1_122' title='bbox 1014 2449 1316 2531; x_wconf 83' lang='lat' dir='ltr'><strong>addidit3</strong></span> <span class='ocrx_word' id='word_1_123' title='bbox 1357 2467 1583 2533; x_wconf 87' lang='lat' dir='ltr'><strong>quare</strong></span> <span class='ocrx_word' id='word_1_124' title='bbox 1616 2447 1865 2514; x_wconf 81' lang='lat' dir='ltr'><strong>Codex</strong></span> <span class='ocrx_word' id='word_1_125' title='bbox 1888 2449 2027 2513; x_wconf 90' lang='lat' dir='ltr'><strong>iste</strong></span> <span class='ocrx_word' id='word_1_126' title='bbox 2055 2448 2545 2530; x_wconf 86' lang='lat' dir='ltr'><strong>Dionysianus</strong></span> 
     </span>
     <span class='ocr_line' id='line_1_21' title="bbox 299 2556 2548 2644; baseline 0 -24"><span class='ocrx_word' id='word_1_127' title='bbox 299 2556 579 2621; x_wconf 89' lang='lat' dir='ltr'><strong>duabus</strong></span> <span class='ocrx_word' id='word_1_128' title='bbox 634 2558 965 2640; x_wconf 85' lang='lat' dir='ltr'><strong>partibus</strong></span> <span class='ocrx_word' id='word_1_129' title='bbox 1029 2563 1341 2641; x_wconf 86' lang='lat' dir='ltr'><strong>constat,</strong></span> <span class='ocrx_word' id='word_1_130' title='bbox 1403 2578 1710 2644; x_wconf 89' lang='lat' dir='ltr'><strong>quarum</strong></span> <span class='ocrx_word' id='word_1_131' title='bbox 1765 2560 2001 2624; x_wconf 89' lang='lat' dir='ltr'><strong>altera</strong></span> <span class='ocrx_word' id='word_1_132' title='bbox 2060 2556 2548 2632; x_wconf 71' lang='lat' dir='ltr'><strong>Consiliorum</strong></span> 
     </span>
     <span class='ocr_line' id='line_1_22' title="bbox 301 2665 2546 2750; baseline -0.001 -19"><span class='ocrx_word' id='word_1_133' title='bbox 301 2683 648 2750; x_wconf 77' lang='lat' dir='ltr'><strong>canoneS,</strong></span> <span class='ocrx_word' id='word_1_134' title='bbox 712 2667 948 2731; x_wconf 89' lang='lat' dir='ltr'><strong>altera</strong></span> <span class='ocrx_word' id='word_1_135' title='bbox 1010 2686 1190 2734; x_wconf 91' lang='lat' dir='ltr'><strong>vero</strong></span> <span class='ocrx_word' id='word_1_136' title='bbox 1247 2668 1664 2732; x_wconf 88' lang='lat' dir='ltr'><strong>Pontificias</strong></span> <span class='ocrx_word' id='word_1_137' title='bbox 1698 2666 2127 2732; x_wconf 87' lang='lat' dir='ltr'><strong>Deeretales</strong></span> <span class='ocrx_word' id='word_1_138' title='bbox 2188 2665 2546 2749; x_wconf 87' lang='lat' dir='ltr'><strong>complec-</strong></span> 
     </span>
     <span class='ocr_line' id='line_1_23' title="bbox 298 2772 501 2838; baseline 0 -1"><span class='ocrx_word' id='word_1_139' title='bbox 298 2772 501 2838; x_wconf 86' lang='lat' dir='ltr'><strong>titur.</strong></span> 
     </span>
    </p>

    <p class='ocr_par' dir='ltr' id='par_1_5' title="bbox 300 2877 2549 3395">
     <span class='ocr_line' id='line_1_24' title="bbox 477 2877 2544 2963; baseline -0.001 -20"><span class='ocrx_word' id='word_1_140' title='bbox 477 2879 948 2944; x_wconf 79' lang='lat' dir='ltr'><strong>Monumenta.</strong></span> <span class='ocrx_word' id='word_1_141' title='bbox 991 2927 997 2933; x_wconf 87' lang='lat'><strong>.</strong></span> <span class='ocrx_word' id='word_1_142' title='bbox 1045 2877 1441 2962; x_wconf 83' lang='lat' dir='ltr'><strong>Dionysius</strong></span> <span class='ocrx_word' id='word_1_143' title='bbox 1490 2879 1565 2943; x_wconf 91' lang='lat' dir='ltr'><strong>in</strong></span> <span class='ocrx_word' id='word_1_144' title='bbox 1621 2880 1859 2963; x_wconf 89' lang='lat' dir='ltr'><strong>prima</strong></span> <span class='ocrx_word' id='word_1_145' title='bbox 1924 2883 2137 2962; x_wconf 90' lang='lat' dir='ltr'><strong>parte</strong></span> <span class='ocrx_word' id='word_1_146' title='bbox 2187 2896 2363 2942; x_wconf 90' lang='lat' dir='ltr'><strong>suae</strong></span> <span class='ocrx_word' id='word_1_147' title='bbox 2402 2878 2544 2942; x_wconf 88' lang='lat' dir='ltr'><strong>col-</strong></span> 
     </span>
     <span class='ocr_line' id='line_1_25' title="bbox 300 2986 2546 3071; baseline 0 -21"><span class='ocrx_word' id='word_1_148' title='bbox 300 2986 639 3052; x_wconf 88' lang='lat' dir='ltr'><strong>lectionis</strong></span> <span class='ocrx_word' id='word_1_149' title='bbox 676 2987 1041 3070; x_wconf 86' lang='lat' dir='ltr'><strong>congessit</strong></span> <span class='ocrx_word' id='word_1_150' title='bbox 1066 2988 1155 3051; x_wconf 77' lang='grc'><strong>50</strong></span> <span class='ocrx_word' id='word_1_151' title='bbox 1185 3005 1503 3053; x_wconf 87' lang='lat' dir='ltr'><strong>canones</strong></span> <span class='ocrx_word' id='word_1_152' title='bbox 1536 2988 2077 3071; x_wconf 84' lang='lat' dir='ltr'><strong>Apostolorum3</strong></span> <span class='ocrx_word' id='word_1_153' title='bbox 2128 2992 2278 3052; x_wconf 91' lang='lat' dir='ltr'><strong>tum</strong></span> <span class='ocrx_word' id='word_1_154' title='bbox 2335 3005 2546 3051; x_wconf 88' lang='lat' dir='ltr'><strong>cano·</strong></span> 
     </span>
     <span class='ocr_line' id='line_1_26' title="bbox 300 3094 2545 3180; baseline -0.001 -21"><span class='ocrx_word' id='word_1_155' title='bbox 300 3113 430 3159; x_wconf 92' lang='lat' dir='ltr'><strong>nes</strong></span> <span class='ocrx_word' id='word_1_156' title='bbox 465 3112 774 3177; x_wconf 86' lang='lat' dir='ltr'><strong>graecos</strong></span> <span class='ocrx_word' id='word_1_157' title='bbox 817 3095 1029 3176; x_wconf 87' lang='lat' dir='ltr'><strong>juxta</strong></span> <span class='ocrx_word' id='word_1_158' title='bbox 1063 3094 1404 3161; x_wconf 88' lang='lat' dir='ltr'><strong>Codicem</strong></span> <span class='ocrx_word' id='word_1_159' title='bbox 1438 3096 2041 3180; x_wconf 87' lang='lat' dir='ltr'><strong>antiquissimum,</strong></span> <span class='ocrx_word' id='word_1_160' title='bbox 2102 3114 2241 3179; x_wconf 89' lang='lat' dir='ltr'><strong>quo</strong></span> <span class='ocrx_word' id='word_1_161' title='bbox 2288 3094 2545 3176; x_wconf 85' lang='lat' dir='ltr'><strong>Patres</strong></span> 
     </span>
     <span class='ocr_line' id='line_1_27' title="bbox 303 3199 2549 3287; baseline -0.001 -20"><span class='ocrx_word' id='word_1_162' title='bbox 303 3199 611 3267; x_wconf 84' lang='lat' dir='ltr'><strong>Concilii</strong></span> <span class='ocrx_word' id='word_1_163' title='bbox 647 3200 1260 3268; x_wconf 84' lang='lat' dir='ltr'><strong>Chalcedonensis</strong></span> <span class='ocrx_word' id='word_1_164' title='bbox 1296 3204 1405 3267; x_wconf 91' lang='lat' dir='ltr'><strong>usi</strong></span> <span class='ocrx_word' id='word_1_165' title='bbox 1444 3209 1635 3286; x_wconf 90' lang='lat' dir='ltr'><strong>sunt,</strong></span> <span class='ocrx_word' id='word_1_166' title='bbox 1675 3203 1849 3268; x_wconf 81' lang='lat' dir='ltr'><strong>licet</strong></span> <span class='ocrx_word' id='word_1_167' title='bbox 1881 3204 2286 3287; x_wconf 88' lang='lat' dir='ltr'><strong>elegantius</strong></span> <span class='ocrx_word' id='word_1_168' title='bbox 2321 3201 2549 3266; x_wconf 82' lang='lat' dir='ltr'><strong>latine</strong></span> 
     </span>
     <span class='ocr_line' id='line_1_28' title="bbox 302 3310 2545 3395; baseline -0.001 -20"><span class='ocrx_word' id='word_1_169' title='bbox 302 3310 654 3392; x_wconf 88' lang='lat' dir='ltr'><strong>redditos,</strong></span> <span class='ocrx_word' id='word_1_170' title='bbox 721 3310 1093 3394; x_wconf 84' lang='lat' dir='ltr'><strong>videlicet,</strong></span> <span class='ocrx_word' id='word_1_171' title='bbox 1160 3310 1544 3395; x_wconf 78' lang='lat' dir='ltr'><strong>NicaenoS,</strong></span> <span class='ocrx_word' id='word_1_172' title='bbox 1609 3316 2063 3395; x_wconf 84' lang='lat' dir='ltr'><strong>Ancyranos,</strong></span> <span class='ocrx_word' id='word_1_173' title='bbox 2139 3312 2545 3377; x_wconf 87' lang='lat' dir='ltr'><strong>Neocaesa-</strong></span> 
     </span>
    </p>
   </div>
   <div class='ocr_carea' id='block_1_3' title="bbox 301 3416 624 3427">
    <p class='ocr_par' dir='ltr' id='par_1_6' title="bbox 301 3416 624 3427">
     <span class='ocr_line' id='line_1_29' title="bbox 301 3416 624 3427; baseline 0 1673"><span class='ocrx_word' id='word_1_174' title='bbox 301 3416 624 3427; x_wconf 95' lang='lat' dir='ltr'><strong> </strong></span> 
     </span>
    </p>
   </div>
   <div class='ocr_carea' id='block_1_4' title="bbox 301 3501 2554 4358">
    <p class='ocr_par' dir='ltr' id='par_1_7' title="bbox 301 3501 2553 3932">
     <span class='ocr_line' id='line_1_30' title="bbox 442 3501 2550 3574; baseline 0 -18"><span class='ocrx_word' id='word_1_175' title='bbox 442 3505 520 3572; x_wconf 87' lang='lat'><strong>(1)</strong></span> <span class='ocrx_word' id='word_1_176' title='bbox 590 3503 902 3572; x_wconf 86' lang='lat' dir='ltr'><strong>Dionysius</strong></span> <span class='ocrx_word' id='word_1_177' title='bbox 951 3504 1138 3558; x_wconf 87' lang='lat' dir='ltr'><strong>dictus</strong></span> <span class='ocrx_word' id='word_1_178' title='bbox 1163 3508 1252 3558; x_wconf 86' lang='lat' dir='ltr'><strong>est</strong></span> <span class='ocrx_word' id='word_1_179' title='bbox 1294 3501 1566 3574; x_wconf 66' lang='lat' dir='ltr'><strong>Exiguus,</strong></span> <span class='ocrx_word' id='word_1_180' title='bbox 1611 3522 1728 3560; x_wconf 93' lang='lat' dir='ltr'><strong>non</strong></span> <span class='ocrx_word' id='word_1_181' title='bbox 1761 3505 1992 3574; x_wconf 89' lang='lat' dir='ltr'><strong>quidem</strong></span> <span class='ocrx_word' id='word_1_182' title='bbox 2036 3504 2256 3557; x_wconf 84' lang='lat' dir='ltr'><strong>ratione</strong></span> <span class='ocrx_word' id='word_1_183' title='bbox 2281 3508 2550 3573; x_wconf 85' lang='lat' dir='ltr'><strong>staturae,</strong></span> 
     </span>
     <span class='ocr_line' id='line_1_31' title="bbox 305 3576 2553 3647; baseline 0 -19"><span class='ocrx_word' id='word_1_184' title='bbox 305 3576 461 3642; x_wconf 75' lang='lat' dir='ltr'><strong>quod</strong></span> <span class='ocrx_word' id='word_1_185' title='bbox 490 3590 722 3643; x_wconf 85' lang='lat' dir='ltr'><strong>corpore</strong></span> <span class='ocrx_word' id='word_1_186' title='bbox 747 3578 990 3643; x_wconf 85' lang='lat' dir='ltr'><strong>pusillus</strong></span> <span class='ocrx_word' id='word_1_187' title='bbox 1017 3580 1187 3647; x_wconf 86' lang='lat' dir='ltr'><strong>esset,</strong></span> <span class='ocrx_word' id='word_1_188' title='bbox 1213 3578 1297 3629; x_wconf 90' lang='lat' dir='ltr'><strong>uti</strong></span> <span class='ocrx_word' id='word_1_189' title='bbox 1322 3579 1512 3645; x_wconf 87' lang='lat' dir='ltr'><strong>plures</strong></span> <span class='ocrx_word' id='word_1_190' title='bbox 1567 3580 1987 3643; x_wconf 85' lang='lat' dir='ltr'><strong>existimarunt,</strong></span> <span class='ocrx_word' id='word_1_191' title='bbox 2030 3577 2133 3630; x_wconf 83' lang='lat' dir='ltr'><strong>sed</strong></span> <span class='ocrx_word' id='word_1_192' title='bbox 2159 3576 2475 3629; x_wconf 88' lang='lat' dir='ltr'><strong>modestiae</strong></span> <span class='ocrx_word' id='word_1_193' title='bbox 2495 3581 2553 3629; x_wconf 86' lang='lat' dir='ltr'><strong>et</strong></span> 
     </span>
     <span class='ocr_line' id='line_1_32' title="bbox 304 3647 2553 3715; baseline -0 -15"><span class='ocrx_word' id='word_1_194' title='bbox 304 3648 646 3701; x_wconf 86' lang='lat' dir='ltr'><strong>humilitatis</strong></span> <span class='ocrx_word' id='word_1_195' title='bbox 670 3663 844 3701; x_wconf 86' lang='lat' dir='ltr'><strong>causa</strong></span> <span class='ocrx_word' id='word_1_196' title='bbox 895 3647 1210 3701; x_wconf 85' lang='lat' dir='ltr'><strong>seeundum</strong></span> <span class='ocrx_word' id='word_1_197' title='bbox 1238 3649 1536 3715; x_wconf 86' lang='lat' dir='ltr'><strong>antiquum</strong></span> <span class='ocrx_word' id='word_1_198' title='bbox 1563 3650 1972 3704; x_wconf 86' lang='lat' dir='ltr'><strong>monachorum</strong></span> <span class='ocrx_word' id='word_1_199' title='bbox 2001 3662 2232 3700; x_wconf 90' lang='lat' dir='ltr'><strong>morem.</strong></span> <span class='ocrx_word' id='word_1_200' title='bbox 2260 3647 2351 3699; x_wconf 88' lang='lat' dir='ltr'><strong>Sic</strong></span> <span class='ocrx_word' id='word_1_201' title='bbox 2378 3648 2553 3699; x_wconf 82' lang='lat' dir='ltr'><strong>Anas-</strong></span> 
     </span>
     <span class='ocr_line' id='line_1_33' title="bbox 306 3717 2552 3789; baseline 0 -18"><span class='ocrx_word' id='word_1_202' title='bbox 306 3720 528 3774; x_wconf 82' lang='lat' dir='ltr'><strong>thasius</strong></span> <span class='ocrx_word' id='word_1_203' title='bbox 543 3718 1023 3773; x_wconf 85' lang='lat' dir='ltr'><strong>Bibliothecarius</strong></span> <span class='ocrx_word' id='word_1_204' title='bbox 1048 3735 1178 3772; x_wconf 86' lang='lat' dir='ltr'><strong>sese</strong></span> <span class='ocrx_word' id='word_1_205' title='bbox 1200 3719 1453 3788; x_wconf 76' lang='lat' dir='ltr'><strong>exiywum</strong></span> <span class='ocrx_word' id='word_1_206' title='bbox 1469 3722 1812 3789; x_wconf 87' lang='lat' dir='ltr'><strong>appellavit</strong></span> <span class='ocrx_word' id='word_1_207' title='bbox 1796 3737 1857 3773; x_wconf 88' lang='lat'><strong>111</strong></span> <span class='ocrx_word' id='word_1_208' title='bbox 1878 3717 2151 3788; x_wconf 76' lang='lat' dir='ltr'><strong>Apoloyia</strong></span> <span class='ocrx_word' id='word_1_209' title='bbox 2177 3732 2278 3785; x_wconf 89' lang='lat' dir='ltr'><strong>pro</strong></span> <span class='ocrx_word' id='word_1_210' title='bbox 2298 3718 2552 3771; x_wconf 85' lang='lat' dir='ltr'><strong>Honorio</strong></span> 
     </span>
     <span class='ocr_line' id='line_1_34' title="bbox 305 3788 2553 3875; baseline -0.001 -32"><span class='ocrx_word' id='word_1_211' title='bbox 305 3791 378 3843; x_wconf 89' lang='lat' dir='ltr'><strong>ad</strong></span> <span class='ocrx_word' id='word_1_212' title='bbox 404 3790 688 3843; x_wconf 87' lang='lat' dir='ltr'><strong>Joannem</strong></span> <span class='ocrx_word' id='word_1_213' title='bbox 713 3791 1049 3854; x_wconf 79' lang='lat' dir='ltr'><strong>Diaconum3</strong></span> <span class='ocrx_word' id='word_1_214' title='bbox 1077 3793 1157 3843; x_wconf 89' lang='lat' dir='ltr'><strong>ita</strong></span> <span class='ocrx_word' id='word_1_215' title='bbox 1183 3794 1354 3843; x_wconf 81' lang='lat' dir='ltr'><strong>etlam</strong></span> <span class='ocrx_word' id='word_1_216' title='bbox 1395 3792 1450 3843; x_wconf 83' lang='lat' dir='ltr'><strong>S.</strong></span> <span class='ocrx_word' id='word_1_217' title='bbox 1484 3793 1815 3846; x_wconf 84' lang='lat' dir='ltr'><strong>Bonifacius</strong></span> <span class='ocrx_word' id='word_1_218' title='bbox 1861 3791 2237 3875; x_wconf 75' lang='lat' dir='ltr'><strong>Moguntinus</strong></span> <span class='ocrx_word' id='word_1_219' title='bbox 2277 3805 2405 3841; x_wconf 84' lang='lat' dir='ltr'><strong>sese</strong></span> <span class='ocrx_word' id='word_1_220' title='bbox 2444 3788 2553 3842; x_wconf 75' lang='lat' dir='ltr'><strong>emi-</strong></span> 
     </span>
     <span class='ocr_line' id='line_1_35' title="bbox 301 3860 2408 3932; baseline -0 -18"><span class='ocrx_word' id='word_1_221' title='bbox 301 3877 472 3931; x_wconf 72' lang='lat' dir='ltr'><strong>quum</strong></span> <span class='ocrx_word' id='word_1_222' title='bbox 495 3863 791 3916; x_wconf 88' lang='lat' dir='ltr'><strong>nominare</strong></span> <span class='ocrx_word' id='word_1_223' title='bbox 817 3862 1056 3926; x_wconf 88' lang='lat' dir='ltr'><strong>solebat,</strong></span> <span class='ocrx_word' id='word_1_224' title='bbox 1084 3867 1252 3929; x_wconf 92' lang='lat' dir='ltr'><strong>prout</strong></span> <span class='ocrx_word' id='word_1_225' title='bbox 1277 3863 1632 3930; x_wconf 87' lang='lat' dir='ltr'><strong>deprehendi</strong></span> <span class='ocrx_word' id='word_1_226' title='bbox 1660 3867 1851 3932; x_wconf 86' lang='lat' dir='ltr'><strong>potest</strong></span> <span class='ocrx_word' id='word_1_227' title='bbox 1869 3878 1941 3916; x_wconf 86' lang='lat' dir='ltr'><strong>ex</strong></span> <span class='ocrx_word' id='word_1_228' title='bbox 1969 3864 2095 3929; x_wconf 84' lang='lat' dir='ltr'><strong>ejus</strong></span> <span class='ocrx_word' id='word_1_229' title='bbox 2117 3860 2408 3928; x_wconf 86' lang='lat' dir='ltr'><strong>Epistolis.</strong></span> 
     </span>
    </p>

    <p class='ocr_par' dir='ltr' id='par_1_8' title="bbox 307 3929 2554 4358">
     <span class='ocr_line' id='line_1_36' title="bbox 450 3929 2551 4002; baseline 0 -18"><span class='ocrx_word' id='word_1_230' title='bbox 450 3938 525 3993; x_wconf 84' lang='lat'><strong>(2)</strong></span> <span class='ocrx_word' id='word_1_231' title='bbox 601 3933 914 3999; x_wconf 87' lang='lat' dir='ltr'><strong>Dionysius</strong></span> <span class='ocrx_word' id='word_1_232' title='bbox 936 3934 1174 3985; x_wconf 78' lang='lat' dir='ltr'><strong>Romam</strong></span> <span class='ocrx_word' id='word_1_233' title='bbox 1198 3939 1432 3987; x_wconf 86' lang='lat' dir='ltr'><strong>venerat</strong></span> <span class='ocrx_word' id='word_1_234' title='bbox 1451 3951 1552 4002; x_wconf 87' lang='lat' dir='ltr'><strong>pro</strong></span> <span class='ocrx_word' id='word_1_235' title='bbox 1581 3934 1941 3988; x_wconf 87' lang='lat' dir='ltr'><strong>vindicandis</strong></span> <span class='ocrx_word' id='word_1_236' title='bbox 1969 3933 2121 4000; x_wconf 87' lang='lat' dir='ltr'><strong>apud</strong></span> <span class='ocrx_word' id='word_1_237' title='bbox 2162 3935 2426 3984; x_wconf 84' lang='lat' dir='ltr'><strong>Sanctam</strong></span> <span class='ocrx_word' id='word_1_238' title='bbox 2460 3929 2551 3985; x_wconf 85' lang='lat' dir='ltr'><strong>Se-</strong></span> 
     </span>
     <span class='ocr_line' id='line_1_37' title="bbox 307 4003 2553 4072; baseline 0 -16"><span class='ocrx_word' id='word_1_239' title='bbox 307 4004 440 4057; x_wconf 91' lang='lat' dir='ltr'><strong>dem</strong></span> <span class='ocrx_word' id='word_1_240' title='bbox 469 4005 765 4057; x_wconf 89' lang='lat' dir='ltr'><strong>monachis</strong></span> <span class='ocrx_word' id='word_1_241' title='bbox 790 4006 1076 4071; x_wconf 76' lang='lat' dir='ltr'><strong>Scythiae,</strong></span> <span class='ocrx_word' id='word_1_242' title='bbox 1105 4007 1202 4071; x_wconf 91' lang='lat' dir='ltr'><strong>qui</strong></span> <span class='ocrx_word' id='word_1_243' title='bbox 1232 4021 1332 4070; x_wconf 86' lang='lat' dir='ltr'><strong>per</strong></span> <span class='ocrx_word' id='word_1_244' title='bbox 1375 4021 1443 4058; x_wconf 91' lang='lat' dir='ltr'><strong>ea</strong></span> <span class='ocrx_word' id='word_1_245' title='bbox 1468 4014 1727 4072; x_wconf 81' lang='lat' dir='ltr'><strong>tempora</strong></span> <span class='ocrx_word' id='word_1_246' title='bbox 1775 4011 2108 4072; x_wconf 88' lang='lat' dir='ltr'><strong>sequentem</strong></span> <span class='ocrx_word' id='word_1_247' title='bbox 2162 4003 2553 4057; x_wconf 83' lang='lat' dir='ltr'><strong>defendebant</strong></span> 
     </span>
     <span class='ocr_line' id='line_1_38' title="bbox 307 4074 2554 4143; baseline 0 -16"><span class='ocrx_word' id='word_1_248' title='bbox 307 4077 774 4142; x_wconf 87' lang='lat' dir='ltr'><strong>propositionem:</strong></span> <span class='ocrx_word' id='word_1_249' title='bbox 796 4091 937 4130; x_wconf 76' lang='lat' dir='ltr'><strong>unus</strong></span> <span class='ocrx_word' id='word_1_250' title='bbox 963 4075 1026 4128; x_wconf 81' lang='lat' dir='ltr'><strong>dc</strong></span> <span class='ocrx_word' id='word_1_251' title='bbox 1051 4074 1326 4129; x_wconf 79' lang='lat' dir='ltr'><strong>Trinitate</strong></span> <span class='ocrx_word' id='word_1_252' title='bbox 1344 4092 1547 4143; x_wconf 79' lang='lat' dir='ltr'><strong>passus</strong></span> <span class='ocrx_word' id='word_1_253' title='bbox 1572 4080 1662 4131; x_wconf 76' lang='lat' dir='ltr'><strong>est.</strong></span> <span class='ocrx_word' id='word_1_254' title='bbox 1692 4078 1772 4130; x_wconf 85' lang='lat' dir='ltr'><strong>Ut</strong></span> <span class='ocrx_word' id='word_1_255' title='bbox 1809 4092 2039 4129; x_wconf 86' lang='lat' dir='ltr'><strong>causam</strong></span> <span class='ocrx_word' id='word_1_256' title='bbox 2068 4079 2260 4141; x_wconf 87' lang='lat' dir='ltr'><strong>ageret</strong></span> <span class='ocrx_word' id='word_1_257' title='bbox 2296 4090 2554 4127; x_wconf 86' lang='lat' dir='ltr'><strong>monaco-</strong></span> 
     </span>
     <span class='ocr_line' id='line_1_39' title="bbox 312 4146 2552 4214; baseline 0 -15"><span class='ocrx_word' id='word_1_258' title='bbox 312 4162 460 4208; x_wconf 86' lang='lat' dir='ltr'><strong>rum,</strong></span> <span class='ocrx_word' id='word_1_259' title='bbox 487 4148 779 4200; x_wconf 80' lang='lat' dir='ltr'><strong>versiones</strong></span> <span class='ocrx_word' id='word_1_260' title='bbox 804 4149 1011 4201; x_wconf 85' lang='lat' dir='ltr'><strong>latinas</strong></span> <span class='ocrx_word' id='word_1_261' title='bbox 1037 4162 1317 4200; x_wconf 86' lang='lat' dir='ltr'><strong>canonum</strong></span> <span class='ocrx_word' id='word_1_262' title='bbox 1345 4163 1673 4213; x_wconf 84' lang='lat' dir='ltr'><strong>graecorum</strong></span> <span class='ocrx_word' id='word_1_263' title='bbox 1701 4148 2017 4214; x_wconf 87' lang='lat' dir='ltr'><strong>inquisivit,</strong></span> <span class='ocrx_word' id='word_1_264' title='bbox 2037 4146 2226 4199; x_wconf 81' lang='lat' dir='ltr'><strong>archia</strong></span> <span class='ocrx_word' id='word_1_265' title='bbox 2252 4148 2552 4213; x_wconf 87' lang='lat' dir='ltr'><strong>consuluit,</strong></span> 
     </span>
     <span class='ocr_line' id='line_1_40' title="bbox 322 4216 2553 4286; baseline 0 -16"><span class='ocrx_word' id='word_1_266' title='bbox 322 4216 565 4271; x_wconf 72' lang='lat' dir='ltr'><strong>schrinia</strong></span> <span class='ocrx_word' id='word_1_267' title='bbox 584 4221 814 4285; x_wconf 85' lang='lat' dir='ltr'><strong>evolvit,</strong></span> <span class='ocrx_word' id='word_1_268' title='bbox 840 4224 898 4272; x_wconf 86' lang='lat' dir='ltr'><strong>et</strong></span> <span class='ocrx_word' id='word_1_269' title='bbox 923 4220 1031 4271; x_wconf 88' lang='lat' dir='ltr'><strong>hac</strong></span> <span class='ocrx_word' id='word_1_270' title='bbox 1055 4220 1352 4273; x_wconf 82' lang='lat' dir='ltr'><strong>occasione</strong></span> <span class='ocrx_word' id='word_1_271' title='bbox 1385 4222 1649 4273; x_wconf 86' lang='lat' dir='ltr'><strong>vitiosam</strong></span> <span class='ocrx_word' id='word_1_272' title='bbox 1674 4222 1975 4274; x_wconf 84' lang='lat' dir='ltr'><strong>lectionem</strong></span> <span class='ocrx_word' id='word_1_273' title='bbox 1995 4225 2166 4286; x_wconf 87' lang='lat' dir='ltr'><strong>atque</strong></span> <span class='ocrx_word' id='word_1_274' title='bbox 2186 4219 2553 4273; x_wconf 79' lang='lat' dir='ltr'><strong>incorrectam</strong></span> 
     </span>
     <span class='ocr_line' id='line_1_41' title="bbox 324 4288 1663 4358; baseline 0.002 -15"><span class='ocrx_word' id='word_1_275' title='bbox 324 4288 537 4343; x_wconf 86' lang='lat' dir='ltr'><strong>codicis</strong></span> <span class='ocrx_word' id='word_1_276' title='bbox 562 4292 853 4345; x_wconf 88' lang='lat' dir='ltr'><strong>orientalis</strong></span> <span class='ocrx_word' id='word_1_277' title='bbox 878 4291 1403 4358; x_wconf 88' lang='lat' dir='ltr'><strong>interpretationem</strong></span> <span class='ocrx_word' id='word_1_278' title='bbox 1430 4292 1663 4346; x_wconf 83' lang='lat' dir='ltr'><strong>detexit.</strong></span> 
     </span>
    </p>
   </div>
   <div class='ocr_carea' id='block_1_5' title="bbox 114 4823 620 5066">
    <p class='ocr_par' dir='ltr' id='par_1_9' title="bbox 114 4823 620 5066">
     <span class='ocr_line' id='line_1_42' title="bbox 114 4823 620 5066; baseline 0 34"><span class='ocrx_word' id='word_1_279' title='bbox 114 4823 620 5066; x_wconf 95' lang='lat' dir='ltr'><strong> </strong></span> 
     </span>
    </p>
   </div>
  </div>
 </body>
</html>
