3332 5100
1717 381 2074 440 -258-

777 529 1202 610 exercitum,
1241 526 1370 592 sed
1402 527 1656 610 aperte
1689 519 2158 592 constitutum
2181 526 2258 591 in
2275 523 2566 609 Synodo
2595 523 3005 592 Sardicensi

777 637 1069 702 saeculo
1125 634 1250 716 IV;
1307 634 1528 716 igitur
1582 632 1905 698 Isidorus
1962 632 2335 715 Peccator,
2382 633 2507 699 vel
2563 633 2884 717 quisquis
2918 632 3009 697 sit

779 748 1030 809 auctor
1087 741 1648 824 compilationis,
1709 741 1993 805 tantum
2048 740 2347 804 confixit
2399 758 2533 823 pro
2598 759 2726 806 suo
2783 740 3010 805 lubitu

779 852 1237 931 documenta,
1274 848 1404 913 sed
1434 866 1582 914 non
1615 849 1899 913 invenit
1955 848 2368 913 doctrinam
2425 849 2671 930 aliam,
2728 865 2863 913 nec
2893 864 3010 912 no-

779 977 947 1022 vam
983 956 1443 1039 disciplinam
1474 955 1784 1038 induxit,
1834 973 2071 1038 neque
2130 973 2299 1021 usus
2356 959 2484 1019 aut
2516 972 2634 1020 res
2693 956 3010 1020 insuetas

777 1065 1177 1130 fabricatus
1213 1068 1347 1143 est3
1387 1061 1584 1126 aliud
1617 1067 1730 1127 est
1765 1063 2056 1145 quidem
2121 1063 2547 1144 excogitare
2581 1063 3007 1143 doctrinam,

781 1172 978 1238 aliud
1039 1170 1444 1255 procudere
1505 1175 1995 1235 monumenta:
2057 1168 2156 1235 3.⁰
2214 1170 2552 1235 collectio
2607 1168 3014 1234 Isidoriana

781 1280 914 1344 fuit
969 1280 1234 1362 ubique
1296 1283 1371 1343 et
1429 1279 1584 1343 sine
1651 1277 2231 1342 contradictione
2265 1282 2631 1360 suscepta,
2693 1277 3014 1358 exceptis

781 1387 1148 1451 nonnullis
1209 1386 1549 1469 capitulis
1615 1385 1709 1450 ab
1772 1384 2166 1450 Hincmaro
2235 1383 2668 1468 Galliaeque
2729 1384 3017 1466 Episco-

783 1494 892 1576 pis
960 1494 1431 1576 impugnatis,
1497 1496 1576 1557 ut
1610 1493 1831 1575 paulo
1898 1497 2117 1557 antea
2151 1493 2487 1574 diximus3
2544 1492 2724 1580 nulli
2781 1497 3019 1555 autem

783 1603 1151 1684 tumultus,
1192 1602 1548 1666 clamores
1583 1602 1765 1666 nulli
1801 1601 2031 1666 auditi
2065 1605 2234 1666 sunt
2263 1602 2351 1666 ob
2386 1601 2723 1667 inductas
2754 1600 3017 1664 Decre-

783 1710 968 1774 tales
1005 1710 1495 1793 apocryphaS,
1536 1709 1726 1792 quod
1776 1710 2240 1776 manifestum
2295 1710 2638 1774 indicium
2672 1713 2783 1774 est
2819 1707 3020 1773 Codi-

785 1837 939 1883 cem
973 1820 1050 1883 in
1082 1819 1375 1883 officina
1403 1817 1665 1882 Isidori
1688 1817 2142 1881 elaboratum
2170 1822 2493 1882 veterem
2532 1816 3022 1899 optimamque

787 1925 978 1989 illius
1019 1926 1366 2007 temporis
1403 1924 1861 2006 disciplinam
1898 1925 2190 1989 minime
2224 1924 2579 1989 evertisse
2614 1928 2743 1988 aut
2775 1924 3023 1987 immu-

788 2036 1008 2112 tasse,
1045 2029 1172 2094 sed
1207 2031 1448 2111 potius
1480 2048 1751 2112 praxes
1815 2031 2450 2114 institutionesque
2484 2036 2657 2096 tunc
2691 2032 3025 2113 vigentes

791 2137 1264 2219 expressisse,
1322 2137 1616 2217 etenim,
1689 2135 1991 2202 “stultus
2057 2138 2275 2219 plane
2337 2138 2595 2203 fuisset
2646 2138 3021 2220 impostor,

787 2244 888 2308 uti
944 2243 1539 2308 animadvertunt
1590 2244 1890 2308 Fratres
1945 2244 2297 2309 Ballerini
2329 2245 2405 2308 in
2469 2245 2879 2327 appendice
2936 2242 3027 2306 ad

789 2350 1030 2434 Opera
1065 2351 1136 2417 S.
1176 2351 1458 2435 Leonis,
1494 2353 1556 2416 si
1589 2355 1961 2435 sperasset
1993 2370 2199 2418 suam
2227 2354 2735 2419 collectionem
2769 2371 3026 2435 accep-

787 2466 935 2523 tum
970 2459 1063 2523 iri
1096 2459 1187 2523 ab
1221 2458 1657 2540 hominibus,
1698 2476 1886 2542 quae
1919 2477 2190 2526 novam
2242 2461 2530 2524 omnino
2567 2459 3029 2541 disciplinam

789 2589 829 2631 a
893 2567 1003 2633 sui
1069 2584 1355 2651 quoque
1417 2569 1695 2632 saeculi
1725 2569 2044 2634 moribus
2102 2572 2176 2634 et
2230 2570 2874 2635 consuetudinibus
2911 2569 3028 2633 ab·

795 2677 1211 2739 horrentem
1247 2675 1723 2762 contineret.„
1762 2675 1856 2757 (1)

961 2781 1115 2846 230.
1214 2780 1604 2862 Quaeritur
1639 2781 1950 2863 demum,
1990 2800 2087 2847 an
2120 2782 2529 2866 disciplina,
2592 2801 2780 2866 quae
2846 2798 3023 2850 nova

791 2887 1074 2969 dicitur,
1114 2905 1319 2952 suum
1352 2888 1683 2971 vigorem
1718 2889 2314 2973 sanctionemque
2378 2908 2422 2953 a
2480 2890 2841 2954 mercibus
2904 2890 3030 2953 Isi-

793 2995 1111 3060 dorianis
1132 2997 1526 3078 receperit3
1558 2992 1725 3059 huic
1750 2999 2163 3077 postremae
2198 2997 2607 3080 quaestioni
2652 2998 3029 3080 responsio

787 3103 859 3165 in
895 3105 1234 3184 promptu
1271 3106 1405 3165 est:
1477 3101 1865 3183 disciplina
1924 3102 1999 3168 in
2048 3104 2214 3185 jure
2276 3107 2546 3168 vocata
2592 3125 2791 3187 nova,
2844 3121 3033 3187 quae

791 3209 986 3273 certe
1011 3210 1165 3287 jam
1196 3209 1287 3272 ab
1313 3208 1725 3275 Isidoriana
1751 3210 2184 3275 collectione
2217 3210 2289 3275 in
2318 3210 2650 3275 Ecclesia
2682 3209 3032 3278 Occiden-

791 3315 920 3380 tali
954 3317 1246 3397 cognita
1284 3322 1357 3381 et
1391 3321 1470 3381 ut
1503 3317 1892 3400 plurimum
1925 3319 2332 3400 generatim
2390 3322 2716 3401 recepta,
2785 3325 3032 3385 aucto-

793 3427 1085 3491 ritatem
1119 3426 1302 3509 legis
1337 3428 1887 3491 ecclesiasticae
1954 3427 2285 3508 obtinuit,
2355 3446 2503 3493 non
2564 3428 2642 3492 vi
2706 3426 3033 3510 ejusdem

791 3534 1241 3599 collectionis
1307 3536 1604 3617 privata
1640 3536 2081 3600 auctoritate
2114 3536 2518 3617 confectae,
2559 3540 2631 3599 et
2664 3536 3034 3618 plerisque

791 3642 1270 3706 monumentis
1302 3643 1568 3724 partim
1605 3642 1953 3724 confictis,
2017 3643 2284 3725 partim
2348 3642 2811 3725 interpolatis
2870 3659 3033 3706 coa-

789 3748 1158 3831 lescentis,
1196 3747 1324 3813 sed
1351 3748 1624 3829 duplici
1657 3752 1731 3813 et
1784 3748 2191 3814 firmissimo
2249 3749 2719 3813 fundamento
2749 3748 3028 3813 innixa:

927 4019 1007 4085 (l)
1081 4019 1214 4085 Ipse
1238 4016 1426 4072 David
1447 4016 1795 4083 Blondellus,
1817 4016 1904 4072 vir
1931 4018 2195 4085 equidem
2218 4022 2543 4085 protestans
2563 4018 2713 4071 hanc
2733 4018 3035 4072 veritatem

793 4090 1081 4157 professus
1106 4095 1195 4143 est
1219 4104 1371 4143 anno
1399 4090 1535 4141 1640
1562 4088 1622 4140 in
1649 4104 1754 4141 suo
1781 4089 1966 4156 Opere
1982 4087 2232 4143 Isidorus
2247 4094 2304 4142 et
2334 4088 2645 4143 Turrianus
2678 4087 3035 4157 Vapulantes;

791 4167 958 4227 atque
983 4161 1130 4213 idem
1161 4161 1424 4227 Pereyra,
1451 4159 1582 4212 licet
1608 4162 1915 4214 acerrimus
1955 4162 2296 4229 jansenista,
2340 4161 2599 4215 concedit
2626 4161 2903 4228 quasdam
2934 4162 3032 4213 De-

791 4234 1041 4296 cretales,
1069 4233 1331 4299 quamvis
1353 4232 1725 4298 apocryphas,
1754 4248 1787 4284 a
1813 4235 2200 4287 monumentis
2236 4234 2475 4287 sinceris
2524 4234 2858 4301 desumptas
2906 4247 3033 4286 esse

793 4311 847 4359 et
875 4320 962 4358 res
979 4305 1099 4372 jam
1126 4303 1384 4370 cognitas
1410 4305 1795 4370 proposuisse.
