3332 5100
1756 386 2105 445 -334—

969 528 1138 590 LIV.
1223 530 1445 606 Reges
1473 536 1542 589 et
1573 530 1939 606 principes,
1966 546 2099 589 non
2127 530 2342 589 solum
2362 529 2448 589 ab
2472 528 2823 590 Ecclesiae
2841 531 3051 607 juris·

811 610 1109 671 dictione
1139 612 1550 684 eximuntur,
1583 614 1821 671 verum
1850 612 2055 671 etiam
2084 611 2156 670 in
2178 610 2687 685 quaestionibus
2724 612 3053 687 ,iurisdic-

813 690 1015 751 tionis
1047 691 1444 751 dirimendis
1480 692 1863 766 superiores
1893 700 2049 751 sunt
2080 690 2386 751 Ecclesia
2410 690 2529 769 (1).

812 851 858 909 d
969 770 1130 932 LV.(
1172 771 1501 932 >Ecclesia
1530 774 1570 831 a
1593 770 1791 832 Statu
1819 770 2183 851 statusque
2231 772 2317 832 ab
2341 771 2650 831 Ecclesia
2682 774 3054 849 sejungen-

861 866 938 912 us
967 859 1073 913 est
1133 854 1169 911 2
1207 895 1222 911 .
1844 903 1852 909 .

1013 1021 1068 1103 Β.
1109 1022 1620 1083 VIL—Erroros
1649 1023 1727 1081 de
1758 1023 1969 1081 ethica
1996 1022 2297 1082 naturali
2324 1025 2385 1081 et
2413 980 2807 1083 christiarta.

972 1181 1141 1242 LVI.
1227 1182 1484 1242 Morum
1507 1182 1698 1257 leges
1722 1181 1955 1241 divina
1986 1182 2167 1242 haud
2196 1187 2402 1257 egent
2430 1183 2806 1256 sanctione,
2859 1183 3055 1243 mini-

813 1279 1057 1339 meque
1081 1278 1246 1337 opus
1275 1270 1379 1321 est
1400 1268 1475 1321 ut
1498 1263 1833 1322 humanae
1864 1264 2051 1338 leges
2072 1263 2162 1321 ad
2186 1268 2470 1321 naturae
2488 1265 2601 1337 J’us
2626 1264 3060 1323 conformen-

815 1352 945 1419 tur,
981 1349 1098 1402 aut
1124 1343 1475 1419 obligandi
1507 1343 1642 1401 vim
1664 1345 1705 1400 a
1733 1341 1874 1400 Deo
1898 1344 2241 1418 accipiant
2268 1342 2384 1421 (3).

991 1423 1194 1484 LVII.
1300 1423 1927 1498 Philosophicarum
1981 1439 2209 1483 rerum
2284 1437 2678 1497 morumque
2738 1424 3059 1499 scientia,

814 1507 1112 1577 itemque
1144 1504 1382 1563 civiles
1411 1504 1622 1578 leges,
1655 1510 1934 1579 possunt
1963 1511 2031 1562 et
2078 1504 2331 1563 debent
2365 1505 2405 1562 a
2434 1504 2670 1564 divina
2718 1511 2787 1563 et
2840 1505 3064 1565 eccle-

817 1584 1093 1645 siastica
1125 1585 1532 1643 auctoritate
1561 1584 1910 1643 declinare
1934 1584 2051 1663 (4).

975 1664 1212 1724 LVIII.
1299 1664 1493 1724 Aliae
1546 1665 1728 1725 vires
1787 1680 1921 1724 non
1974 1670 2131 1725 sunt
2190 1665 2665 1738 agnoscendae
2723 1664 2858 1723 nisi
2901 1665 3069 1723 illae

818 1762 992 1822 quae
1023 1746 1094 1804 in
1128 1747 1412 1804 materia
1442 1745 1703 1820 positae
1733 1752 1909 1810 sunt,
1940 1751 2008 1804 et
2028 1744 2244 1804 omnis
2274 1760 2532 1804 morum
2557 1744 2929 1819 disciplina
2954 1747 3073 1804 ho-

813 1836 1180 1900 nestasque
1214 1826 1534 1886 collocari
1565 1826 1769 1884 debet
1799 1826 1869 1884 in
1901 1825 2329 1885 cumulandis
2360 1831 2427 1883 et
2456 1826 2791 1901 augendis
2816 1827 3073 1901 quovis

818 1909 1014 1968 modo
1041 1907 1318 1979 divitiis,
1354 1923 1434 1965 ac
1465 1907 1535 1964 in
1567 1906 2030 1979 voluptatibus
2062 1904 2421 1979 explendis
2453 1904 2569 1985 (5).

977 1986 1151 2047 LIX.
1237 1986 1364 2047 ,Ius
1394 1987 1464 2045 in
1496 1985 1834 2045 materiali
1864 1986 2047 2045 facto
2081 1985 2414 2057 consistit,
2449 1991 2515 2043 et
2571 1988 2795 2046 omnia
2855 1988 3073 2046 homi-

817 2085 976 2129 num
1005 2067 1231 2125 officia
1261 2076 1416 2126 sunt
1435 2082 1679 2127 nomen
1710 2066 1933 2140 inane,
1967 2074 2035 2125 et
2056 2067 2282 2127 omnia
2311 2066 2605 2125 humana
2651 2068 2841 2127 facta
2886 2068 3075 2142 juris

823 2150 962 2208 vim
996 2148 1248 2206 habent
1273 2147 1388 2226 (6).

979 2226 1119 2287 LX.
1206 2226 1594 2287 Auctoritas
1620 2226 1789 2285 nihil
1815 2226 2001 2285 aliud
2032 2232 2134 2285 est
2163 2224 2297 2285 nisi
2325 2228 2591 2286 numeri
2627 2233 2694 2286 et
2745 2228 3075 2287 materia·

820 2309 984 2369 lium
1015 2308 1261 2366 virium
1294 2323 1553 2367 summa
1588 2306 1674 2384 (7.
1684 2306 1707 2385 )

978 2387 1154 2447 LXI.
1242 2388 1613 2447 Fortunata
1643 2386 1812 2446 facti
1846 2386 2183 2461 inJ'ustitia
2205 2386 2465 2447 nullum
2507 2382 2682 2462 J'uris
2740 2390 3079 2449 sanctita-

821 2470 874 2529 ti
905 2469 1379 2528 detrimentum
1411 2467 1619 2527 affert
1645 2466 1760 2547 (8).

998 2548 1205 2609 LXII.
1321 2548 1887 2608 Proclamandum
1940 2553 2044 2607 est
2100 2553 2168 2606 et
2232 2547 2756 2623 observandum,
2817 2548 3083 2625 princi-

820 2632 1026 2707 pium,
1063 2630 1241 2704 quod
1262 2636 1513 2689 vocant
1543 2631 1626 2687 de
1655 2647 1815 2688 non·
1796 2631 2229 2688 -interventur
2272 2628 2387 2707 (9).

981 2709 1222 2769 LXIII.
1311 2711 1661 2786 Legitimis
1685 2709 2115 2783 Principibus
2140 2709 2619 2784 obedientiam,
2647 2710 3077 2785 detrectare,

822 2792 1019 2852 immo
1051 2799 1118 2850 et
1147 2792 1483 2849 rebellare
1510 2791 1673 2849 licet
1706 2790 1863 2869 (10).

982 2870 1215 2931 LXIV.
1305 2873 1476 2931 Tum
1500 2872 1829 2945 cujusque
1882 2869 2289 2929 sanctissimi
2342 2871 2709 2944 juramenti
2754 2871 3079 2944 violati0,

822 2959 963 3011 tum
987 2952 1333 3027 quaelibet
1362 2952 1653 3011 scelesta
1682 2950 2155 3025 flagitiosaque
2186 2950 2364 3009 actio
2417 2951 2874 3025 sempiternae
2930 2953 3084 3028 legi

821 3050 1234 3108 repugnans,
1263 3049 1395 3091 non
1431 3034 1646 3091 solum
1678 3032 1858 3090 haud
1889 3038 1990 3089 est
2038 3031 2505 3104 improbanda,
2565 3034 2807 3090 verum
2859 3034 3087 3092 etiam

824 3114 1092 3173 omnino
1125 3114 1336 3188 licita,
1365 3112 1776 3185 summisque
1809 3111 2121 3171 laudibus
2152 3110 2527 3186 efferenda,
2547 3113 2819 3186 quando
2843 3112 2919 3172 id
2952 3131 3085 3189 pro

823 3194 1086 3270 patriae
1115 3210 1342 3253 amore
1373 3200 1618 3268 agatur
1651 3191 1810 3271 (11).

967 3394 1042 3457 (1)
1115 3389 1252 3444 Litt.
1279 3389 1478 3457 Apost.
1506 3385 1844 3456 Multiplices
1866 3386 2029 3454 inter,
2060 3391 2125 3441 10
2148 3387 2295 3457 iunii
2319 3389 2475 3442 1851.

969 3464 1047 3530 (2)
1117 3462 1300 3515 Alloc.
1325 3458 1766 3524 Acerbissimum,
1794 3459 1859 3512 27
1882 3460 2227 3525 septembris
2250 3459 2405 3514 1852.

969 3535 1045 3601 (3)
1116 3533 1292 3658 lixlloc.
1321 3530 1580 3586 Maxima
1602 3531 1834 3599 quidem,
1862 3531 1895 3586 9
1924 3532 2074 3599 junii
2098 3531 2252 3587 1862.

996 3610 1028 3658 4
1154 3606 1192 3658 d
1235 3605 1311 3658 id.

969 3607 1052 3745 {63
1115 3677 1292 3730 Alloc.
1318 3673 1576 3729 Maxima
1601 3673 1829 3744 quidem,
1858 3679 1889 3728 9
1934 3674 2083 3743 junii
2134 3675 2289 3728 1862.
2332 3671 2515 3739 Epist.
2566 3672 2799 3741 Encycl.
2861 3673 3094 3738 Quanto

829 3748 1196 3820 conficiantur,
1227 3748 1292 3801 17
1318 3749 1548 3814 augusti
1577 3746 1734 3800 1863.

970 3822 1051 3888 (6)
1126 3819 1302 3873 Alloc.
1329 3817 1588 3872 Maxima
1612 3816 1845 3886 quidem,
1874 3821 1906 3870 9
1930 3817 2079 3886 junii
2106 3817 2264 3871 1862.

967 3893 1020 3958 (7
1113 3892 1200 3945 Id.
1219 3891 1296 3945 id.

967 3897 1043 4030 (83
1117 3959 1657 4016 A1100.Jamdudum
1684 3959 1970 4027 cernimus,
2003 3959 2069 4014 18
2090 3959 2281 4013 martii
2304 3961 2461 4012 1861.

973 4036 1051 4103 (9)
1125 4036 1303 4087 Alloc.
1331 4035 1514 4086 Novos
1538 4049 1604 4086 en
1623 4035 1770 4098 ante,
1800 4036 1868 4084 28
1896 4031 2245 4103 Septembris
2276 4033 2431 4083 1860.

968 4107 1077 4173 (10)
1149 4106 1331 4173 Epist.
1363 4106 1593 4172 Encycl.
1633 4103 1740 4167 Qui
1752 4104 2028 4171 pluribus,
2056 4108 2088 4156 9
2110 4101 2437 4157 novembris
2489 4098 2646 4154 1846.
2675 4101 2858 4158 Alloc.
2932 4103 3093 4166 Qui-s-

830 4179 1208 4244 wevos-strum,
1229 4181 1389 4230 4oct.
1418 4177 1573 4230 1847.
1593 4177 1698 4243 Ep.
1720 4178 1915 4242 encycl
1942 4174 2186 4232 Noscitis
2204 4177 2259 4228 et
2302 4172 2613 4244 Nobiscum,
2661 4175 2695 4226 8
2746 4174 3094 4229 dec.1849.

832 4247 936 4301 Lit.
965 4250 1069 4316 Ap.
1100 4247 1236 4302 Cum
1261 4247 1542 4315 calholica,
1570 4252 1636 4301 26
1665 4251 1823 4300 matut
1860 4251 2013 4301 1860.

975 4319 1089 4388 (11)
1164 4321 1341 4373 Ailoc.
1375 4318 1578 4382 Quibus
1601 4318 1937 4388 quantisque,
1966 4319 2036 4373 20
2060 4317 2262 4386 aprilis
2286 4317 2441 4370 1819.
