3332 5100
1725 324 2077 388 -278—

781 466 1003 539 editio
1038 489 1280 541 novae
1315 491 1405 539 ac
1439 476 1806 556 generalis
1860 476 2336 556 collectionis„
2376 494 2563 554 quae
2597 478 2871 540 tantam
2909 494 3021 540 ca-

775 582 1069 662 liginem
1125 582 1552 665 depelleret,
1619 584 2258 666 inordinatamque
2318 592 2390 646 et
2445 586 3023 648 inextricabilem

775 698 1105 754 veterum
1138 697 1766 754 monumentorum
1830 692 2244 772 congeriem
2298 692 2499 754 recte
2565 692 3025 754 distribueret

777 800 996 878 atque
1028 796 1475 877 enuclearet3
1517 796 1622 860 2.0
1682 798 1878 880 quia,
1940 798 2102 860 dum
2144 798 2465 860 maxima
2515 798 2801 878 vigeret
2833 798 3021 860 inco-

775 902 1155 968 haerentia
1189 909 1262 969 et
1297 904 1748 986 dissonantia
1813 906 2002 968 inter
2058 910 2525 968 monumenta
2575 904 2761 986 juris
2799 904 3023 968 eccle-

775 1010 1049 1075 siastici
1083 1011 1157 1075 in
1189 1011 1596 1076 anteriores
1647 1012 2120 1075 collectiones
2170 1012 2433 1094 relata,
2489 1012 2661 1092 quin
2721 1028 3021 1094 apocry-

773 1118 919 1200 pha
953 1137 996 1182 a
1030 1119 1388 1200 genuinis,
1427 1118 1716 1200 integra
1780 1120 1872 1182 ab
1928 1120 2394 1200 interpolatis
2455 1120 2767 1182 discerni
2825 1120 3021 1182 vale-

775 1230 939 1288 rent
969 1243 1061 1288 ex
1099 1225 1391 1289 defectu
1429 1226 1746 1306 criticeS‚
1812 1226 2232 1288 conciliatio
2292 1226 2885 1288 documentorum
2925 1226 3021 1288 in-

675 1398 679 1402 ,
773 1336 885 1394 ter
919 1348 997 1394 se
1030 1330 1545 1412 pugnantium,
1584 1348 1802 1412 quam
1862 1330 2260 1396 Gratianus
2310 1332 2382 1394 in
2418 1352 2549 1396 sua
2595 1332 3021 1398 Concordan-

775 1440 877 1502 tia
915 1439 1467 1504 discordantium
1524 1459 1862 1504 canonum
1928 1442 2268 1520 tentavit,
2318 1442 2481 1504 visa
2509 1446 2621 1502 est
2653 1442 2873 1502 tutior
2903 1440 3023 1504 via

775 1546 869 1608 ad
937 1546 1177 1609 omnia
1244 1546 1318 1609 in
1382 1562 1511 1609 suo
1571 1545 1734 1609 loco
1798 1552 2018 1626 atque
2080 1548 2416 1610 claritate
2473 1546 3019 1626 restabilienda3

775 1650 883 1714 3.⁰
923 1653 1092 1734 quia
1127 1653 1423 1717 saeculo
1458 1651 1601 1716 XII
1637 1654 1724 1714 ob
1764 1654 2052 1716 codices
2078 1654 2511 1734 Amalphiae
2535 1654 2871 1716 inventos
2901 1658 3019 1732 (1),

771 1760 889 1840 jus
931 1777 1306 1823 romanum
1343 1761 1417 1822 in
1451 1759 1668 1823 Italia
1722 1760 1824 1822 ita
1882 1762 2334 1824 reviviscere
2386 1762 2649 1842 coepit,
2707 1768 2784 1822 ut
2837 1762 3023 1822 fere-

773 1884 955 1932 vens
993 1867 1311 1946 ejusdem
1349 1867 1686 1948 studium,
1750 1868 1994 1948 passio
2046 1868 2222 1930 vere
2276 1868 2615 1948 juridica,
2675 1868 2877 1928 furor
2927 1868 3021 1930 le-

775 1974 988 2056 gasse,
1058 1991 1270 2056 quem
1326 1974 1527 2037 recte
1591 1992 2016 2056 nuncupare
2078 1994 2455 2056 possemus
2495 1976 3021 2060 philomedem,

775 2082 1090 2144 omnium
1158 2081 1438 2145 animos
1499 2082 1882 2163 invaserit3
1946 2082 2114 2146 hinc
2166 2082 2561 2148 Gratianus
2619 2084 3021 2146 subtilitate

773 2189 1046 2270 ingenii
1083 2188 1278 2252 haud
1310 2189 1576 2271 exigua
1612 2192 1984 2272 praeditus
2012 2192 2266 2272 aperte
2298 2192 2643 2272 cognovit
2671 2198 3017 2272 quantum

775 2295 1132 2358 commodi
1167 2299 1391 2378 atque
1426 2297 1760 2360 utilitatis
1808 2296 2186 2360 Ecclesiae
2246 2298 2635 2360 allaturam
2687 2298 3019 2360 elabora-

775 2402 1046 2466 tionem
1084 2403 1326 2485 operis
1353 2403 1538 2483 jnris
1597 2404 2104 2484 ecclesiastici,
2162 2404 2354 2486 quod
2412 2404 2724 2486 quidem,
2765 2406 3021 2468 ordine

773 2508 1170 2574 scientifico
1266 2510 1780 2575 concinnatum
1890 2516 1960 2575 et
2040 2512 2374 2575 methodo
2473 2510 3017 2593 Aristotelicas,

773 2619 1109 2700 illiusque
1145 2619 1492 2701 temporis
1529 2620 1820 2701 placitis
1878 2625 2234 2703 aptatum,
2276 2623 2551 2685 clerum
2589 2621 2665 2683 in
2701 2621 3019 2703 discipli-

771 2745 903 2789 nas
961 2727 1306 2808 profanas
1363 2732 1479 2791 sat
1546 2729 1952 2809 proclivem
2022 2731 2112 2791 ab
2180 2729 2535 2809 ejusmodi
2601 2731 3021 2809 periculosa

773 2835 1030 2899 semita
1089 2835 1422 2899 deviaret
1477 2838 1551 2898 et
1584 2835 1678 2897 ad
1736 2835 2080 2899 colendas
2138 2838 2485 2899 scientias
2537 2855 2787 2901 sacras
2823 2837 3019 2899 codi-

774 2961 1038 3025 cesque
1074 2943 1465 3007 canonicos
1501 2943 1944 3007 addicendos
1972 2945 2294 3025 proficue
2330 2953 2402 3007 et
2435 2945 2623 3007 ultro
2653 2943 3013 3005 alliceret.

945 3052 1411 3117 Monumenta.
1473 3050 1866 3115 Decretum
1928 3051 2264 3115 Gratiani
2330 3055 2699 3133 ingentem
2769 3069 3019 3113 monu-

771 3165 1173 3223 mentorum
1197 3159 1486 3240 copiam¹
1510 3161 1858 3241 continet,
1892 3145 2260 3223 videlicet:
2284 3161 2449 3221 loca.
2477 3157 2747 3221 Sacrae
2773 3155 3017 3237 Scrip-

771 3269 1002 3345 turae3
1039 3265 1127 3329 50
1191 3283 1510 3330 canones
1568 3266 2106 3349 Apostolorum;
2166 3267 2290 3329 105
2328 3265 2679 3347 Cone-ilia,
2719 3263 2757 3325 9
2793 3283 3014 3345 gene-

907 3535 978 3599 (l.)
1048 3532 1219 3587 Anno
1252 3533 1383 3587 1137
1409 3533 1467 3587 in
1483 3532 1781 3586 obsidione
1806 3535 1844 3585 A
1858 3535 2162 3601 melphiae.
2214 3535 2372 3589 urbis
2401 3535 2835 3607 Neapolitanae,
2865 3555 3017 3591 moe·

765 3607 877 3657 niis
905 3605 1124 3671 dirutis,
1152 3612 1212 3659 ut
1238 3607 1435 3673 fertur,
1466 3608 1816 3658 invenerunt
1844 3613 2264 3671 oppugnatores
2294 3609 2742 3673 pretiosissimos
2785 3611 3015 3661 codices

767 3677 909 3739 Ms.‚
943 3680 1148 3744 nempe
1184 3677 1511 3743 Pandecta3‚
1541 3676 1910 3729 Dialecticcmz
1946 3681 2268 3731 Aristotelis
2298 3687 2350 3731 et
2392 3679 2743 3745 aphorismos
2797 3683 3011 3747 Hippo-

767 3751 951 3801 cratis,
983 3748 1172 3815 Hujus
1214 3749 1562 3801 inventionis
1589 3763 1760 3801 causa
1810 3751 1932 3801 Juri
1962 3751 2126 3813 civili,
2182 3749 2591 3815 Philosophiae
2619 3757 2679 3803 et
2725 3751 3013 3805 Scientiae

765 3821 1024 3872 Medione
1039 3836 1239 3872 omnes
1268 3821 1372 3874 viri
1401 3819 1644 3872 studiosi
1670 3837 1876 3885 magno
1904 3829 2066 3873 aestu
2094 3837 2222 3873 sese
2249 3823 2475 3873 dedere.
2537 3823 2647 3873 Hic
2676 3823 3013 3875 immodera-

764 3897 855 3943 tus
881 3892 1179 3944 excolendi
1205 3892 1540 3958 disciplinas
1571 3893 1840 3956 profanas
1870 3909 2028 3943 amor
2056 3909 2184 3943 cum
2238 3895 2513 3945 scientiae
2541 3909 2735 3945 sacrae
2763 3901 2819 3945 et
2845 3897 3009 3959 legis-

767 3963 994 4014 lationis
1021 3964 1438 4015 ecclesiasticae
1465 3964 1690 4029 jactura
1716 3965 1946 4015 clericos
1976 3965 2070 4015 illa
2098 3969 2284 4015 aetate
2334 3966 2477 4017 adeo
2503 3975 2895 4031 occupaverat,
2929 3971 3013 4033 ut,

765 4035 873 4085 nisi
905 4033 1142 4085 Romani
1169 4035 1471 4087 Pontifices
1500 4039 1556 4086 et
1583 4037 1686 4087 viri
1716 4035 1880 4095 docti,
1928 4051 2070 4101 quos
2094 4037 2240 4087 inter
2292 4039 2607 4103 principem
2654 4039 2839 4087 locum
2867 4037 3011 4089 obti-

763 4109 863 4157 net
883 4103 1206 4171 GratianuS,
1235 4122 1442 4160 novam
1466 4106 1618 4160 viam
1646 4107 1910 4159 iniissent
1954 4113 2124 4173 atque
2170 4109 2358 4159 studia
2386 4109 2815 4173 instaurassent,
2845 4109 3009 4161 innu-

763 4189 921 4229 mera
945 4176 1171 4228 malain
1199 4176 1455 4231 Ecclesia
1480 4185 1726 4244 sequuta
1744 4179 2008 4241 fuissent,
2054 4181 2112 4229 et
2138 4181 2559 4247 quamplurima
2585 4181 2795 4233 damna
2821 4183 2881 4233 in
2901 4183 3007 4237 cle-

761 4249 919 4301 ricali
951 4246 1310 4303 institutione
1328 4248 1575 4317 lugenda
1601 4253 1812 4303 essent.
