3332 5100
1751 304 2105 361 —142ffl

982 446 1302 510 Tandem
1334 444 1656 510 Concilia
1677 448 1891 532 Βορέα
1919 448 2415 530 appellantur:
2449 446 2889 524 “conventus
2915 448 3053 530 illi,

806 554 1064 636 quibus
1102 554 1408 616 aderant
1446 554 1787 636 Episcopi
1825 562 1899 618 ut
1933 556 2403 638 magistratus
2431 560 2501 618 et
2531 556 2917 636 optimates
2957 556 3057 618 ad

808 662 1053 726 civilia
1088 662 1382 742 negotia
1418 662 1875 744 tractanda„
1915 660 2085 726 Cum
2115 682 2291 726 vero
2329 662 2669 744 Episcopi
2695 663 2845 742 jam
2883 680 3057 726 con-

804 770 1094 850 gregati
1120 768 1576 832 occasionem
1616 770 2069 850 arripiebant
2127 768 2529 832 disserendi
2587 768 2675 832 de
2737 770 3059 850 negotiis

806 876 1350 956 ecclesiasticiS,
1392 876 1558 950 inde
1596 882 1757 940 orta
1793 880 1901 940 est
1929 876 2415 940 denominatio
2445 876 2795 956 ejusmodi
2827 876 3055 940 coeti-

802 984 934 1048 bus
954 984 1246 1048 tributa.
1282 984 1606 1050 Concilia
1634 991 1875 1046 autem
1901 986 2255 1048 Toletana
2281 986 2465 1046 inter
2489 986 2693 1066 regia
2717 1002 3055 1048 recense-

804 1090 864 1154 ri
894 1096 1286 1172 nequeunt,
1314 1092 1482 1172 quia
1502 1092 1957 1154 celeberrimi
1989 1092 2433 1172 Hispanicae
2455 1092 2829 1154 Ecclesiae
2879 1110 3057 1154 con-

803 1202 1066 1262 ventus
1106 1198 1300 1278 apud
1326 1198 1654 1260 Toletum
1691 1198 1921 1260 habiti
1969 1200 2255 1262 conseri
2291 1198 2555 1290 debent
2589 1200 2763 1262 vere
2815 1200 3059 1262 eccle·

804 1306 1104 1385 siastici,
1128 1306 1230 1367 uti
1264 1306 1508 1386 plures
1538 1306 1771 1368 critici
1801 1304 2267 1386 contendunt,
2301 1306 2567 1386 quippe
2597 1306 2669 1368 in
2687 1306 2883 1370 hisce
2925 1326 3065 1370 na-

806 1414 1198 1476 tionalibus
1230 1414 1552 1476 coetibus
1582 1412 1669 1476 de
1705 1414 1917 1476 rebus
1955 1430 2115 1476 cum
2145 1414 2703 1494 religione,fide,
2733 1414 3067 1478 moribus

806 1536 892 1582 ac
934 1520 1318 1600 disciplina
1356 1520 1516 1600 plus
1562 1520 1891 1583 minusve
1961 1520 2235 1582 directe
2305 1522 2651 1584 connexis
2709 1520 3069 1602 Episcopi

806 1630 1132 1708 egerunt.
1174 1626 1258 1688 In
1288 1626 1568 1708 epocha
1604 1630 1845 1688 tamen
1875 1626 2429 1690 restaurationis
2461 1626 2653 1710 apud
2685 1636 3069 1690 nostrates

804 1734 1154 1796 nonnulla
1182 1732 1508 1798 Concilia
1546 1738 1805 1796 coacta
1839 1738 2025 1812 sunt,
2063 1752 2251 1816 quae
2279 1736 2477 1798 certe
2509 1734 2727 1816 Regia
2775 1736 2889 1798 vel
2921 1734 3069 1798 Co-

805 1842 1008 1904 mitia
1076 1840 1436 1904 nominari
1500 1846 1897 1922 merentur,
1965 1842 2145 1904 talia
2207 1842 2517 1906 extitere
2593 1842 3069 1924 Legionense

806 1946 1086 2030 (Cortes
1116 1948 1202 2010 de
1236 1948 1462 2026 Leon)
1498 1948 1628 2012 sub
1662 1948 2033 2030 Alphonso
2071 1950 2131 2012 V
2173 1950 2425 2030 (1020),
2456 1948 2851 2030 Cojacense
2879 1950 3067 2032 (Va-

804 2056 1044 2118 lencia
1080 2056 1164 2118 de
1194 2056 1282 2118 D.
1312 2056 1530 2130 Juan)
1568 2070 1897 2138 tempore
1933 2058 2377 2120 Ferdinandi
2419 2058 2451 2120 I
2489 2058 2737 2140 (1050),
2799 2062 2871 2120 et
2929 2056 3065 2122 Ja-

808 2178 1022 2224 cense
1050 2168 1294 2226 aetate
1330 2162 1679 2224 Ranimiri
1714 2164 1747 2224 I
1783 2164 2009 2246 (1060)
2045 2164 2441 2226 celebrata.

988 2268 1138 2332 121.
1238 2268 1490 2348 Quoad
1524 2270 1671 2332 vim
1709 2276 1779 2332 et
1837 2272 2347 2334 auctoritatem
2415 2272 2845 2334 canonicam
2905 2288 3067 2352 qua

805 2376 1083 2458 pollent
1112 2374 1434 2440 Concilia
1468 2376 1542 2438 in
1576 2378 1791 2440 rebus
1821 2382 1969 2440 tum
2007 2378 2197 2458 fidei,
2237 2382 2387 2440 tum
2447 2378 2873 2458 disciplinae
2939 2398 3065 2442 eo—

806 2483 1108 2547 rundem
1134 2484 1450 2549 examini
1486 2488 1558 2547 et
1586 2484 1983 2547 definitioni
2019 2486 2391 2567 subJectiS,
2431 2484 2615 2549 haec
2673 2490 3067 2567 tamquam

808 2597 1010 2655 certa
1044 2593 1574 2675 explorataque
1616 2593 1931 2655 tenenda
1967 2597 2157 2657 sunt:

982 2701 1298 2763 Decreta
1330 2703 1715 2783 doymatz‘ca
1759 2699 2241 2763 Conciliorum
2293 2699 2767 2781 generalium,
2807 2705 3067 2763 aucto-

806 2809 1024 2873 ritate
1078 2809 1345 2873 Summi
1402 2809 1773 2873 Pontificis
1833 2809 2287 2889 confirmata,
2355 2809 2771 2871 infallibilia
2833 2813 3069 2889 atque

806 2917 1256 2979 universalia
1282 2919 1472 2997 sunt,
1506 2917 1642 2979 hoc
1675 2921 1807 2995 est,
1839 2917 2017 2979 nulli
2043 2917 2261 2997 plane
2289 2915 2521 2979 errori
2551 2915 2863 2977 obnoxia
2891 2933 3067 2979 esse

806 3007 1128 3105 possunt,
1172 3023 1343 3103 quia
1372 3023 1725 3103 Judicium
1763 3023 2311 3105 Episcoporum,
2345 3023 2465 3103 qui
2501 3039 2661 3085 cum
2727 3021 3065 3085 Romano

804 3131 1152 3193 Pontiiice
1192 3133 1681 3211 consentiunt,
1723 3137 1831 3195 est
1859 3131 2209 3211 judicium
2265 3129 2663 3211 Ecclesiae,
2729 3147 2915 3211 quae
2981 3129 3067 3193 in

806 3237 972 3301 fidei
1008 3257 1426 3319 morumque
1464 3237 1793 3301 doctrina
1829 3241 2059 3302 errari
2093 3239 2366 3319 nequit;
2409 3241 2627 3319 atque
2655 3237 2869 3299 etiam
2909 3255 3065 3299 om-

806 3363 934 3409 nes
976 3343 1241 3409 Christi
1278 3345 1528 3409 fideles
1568 3345 1937 3435 statimnad
1977 3346 2415 3409 credendum
2451 3345 2793 3425 obligant,
2829 3345 2937 3407 ita
2981 3349 3067 3409 ut

806 3451 1218 3516 haereticus
1286 3453 1660 3515 habendus
1717 3437 1835 3533 sit,
1907 3453 2027 3534 qui
2101 3453 2451 3533 ejusmodi
2519 3453 3063 3517 definitionibus

806 3577 948 3623 non
990 3561 1454 3641 assentiatur,
1494 3561 1614 3623 vel
1644 3561 1731 3623 de
1767 3561 1853 3621 iis
1889 3561 2363 3641 pertinaciter
2391 3560 2689 3623 dubitet.

986 3667 1220 3749 Leges
1258 3669 1378 3732 vel
1408 3685 1725 3733 canones
1763 3669 2253 3753 disciplinam-5
2281 3669 2353 3731 in
2382 3667 2721 3733 Conciliis
2751 3687 3061 3749 genera-

808 3775 996 3837 libus
1035 3775 1166 3837 lati
1204 3779 1274 3837 et
1308 3777 1675 3857 pontificia
1715 3777 2261 3839 confirmatione
2317 3777 2569 3839 muniti
2633 3777 3063 3841 universam

810 3879 1212 3945 Ecclesiam
1244 3883 1705 3963 obstringunt
1733 3887 1895 3963 post
1929 3883 2105 3945 duos
2143 3901 2425 3947 menses
2473 3903 2517 3945 a
2573 3883 3061 3949 confirmatio-

806 4007 922 4067 ne,
962 3991 1102 4053 nisi
1138 3991 1478 4071 specialis
1516 3991 1845 4053 clausula
1873 3991 2161 4071 adjecta
2195 3991 2437 4053 fuerit.

986 4093 1190 4175 Quod
1228 4097 1490 4161 attinet
1522 4097 1616 4159 ad
1650 4095 1975 4161 Concilia
2011 4099 2515 4181 particularia,
2577 4099 2891 4181 quande,
2965 4117 3061 4163 ex

816 4205 1052 4267 veteri
1086 4203 1494 4285 disciplina,
1534 4205 1622 4267 de
1689 4205 1903 4269 rebus
1965 4207 2367 4289 dopmni-eicis
2417 4205 2871 4289 judicabant,
2941 4225 3061 4271 eo-

3279 3405 3281 3413 v

3279 3414 3281 3421 ι
