3332 5100
1770 351 2085 410 -94-

812 495 944 559 bus
976 493 1537 561 Constitutiones
1570 494 1967 561 Pontificae
2022 493 2488 562 Auctoritates
2527 498 3051 579 nuncupaban-

812 607 952 683 tur,
992 621 1130 685 quo
1183 600 1719 684 significaretur
1774 602 2163 667 maximam
2228 606 2446 687 atque
2503 604 3054 670 ineluctabilem

814 709 1078 775 debere
1108 707 1299 791 apud
1332 727 1580 774 omnes
1614 728 1776 775 esse
1813 728 2063 775 earum
2096 712 2246 775 vim
2281 715 2356 776 et
2389 713 2922 779 auctoritatem.

990 817 1106 881 Sic
1138 817 1551 899 speciminis
1586 819 1850 900 gratia,
1879 819 2174 884 saeculo
2208 818 2242 884 I
2271 819 2532 883 adduci
2558 824 2800 902 potest
2845 821 3052 905 Epis-

812 925 962 989 tola
994 925 1406 993 Decretalis
1439 924 1509 990 S.
1550 922 1941 991 Clementis
2005 926 2307 991 Romani
2356 926 2447 991 ad
2500 924 2936 1010 Corinthios,
2975 928 3055 992 in

712 1063 716 1069 ·
814 1051 956 1113 qua
992 1033 1373 1095 solvuntur
1411 1032 1657 1114 aliqua
1693 1033 1910 1097 dubia
1967 1034 2058 1097 ab
2119 1034 2224 1098 eis
2289 1035 2687 1116 proposita.

988 1139 1293 1205 Saeculo
1326 1137 1421 1221 ΙΙ,
1460 1138 1530 1204 S.
1567 1138 1820 1204 Victor
1850 1139 2051 1223 Papa
2086 1140 2180 1206 ad
2209 1140 2609 1224 Episcopos
2634 1140 3057 1205 Palestinae

812 1247 1042 1311 missit
1076 1249 1286 1329 plura
1316 1245 1637 1311 Decreta
1672 1248 2056 1312 occasione
2105 1246 2589 1312 contentionis
2626 1246 2824 1310 circa
2878 1245 3055 1310 Pas-

814 1355 994 1419 chae
1052 1355 1619 1421 celebrationem
1682 1358 1911 1438 ortae,
1950 1360 2022 1419 et
2055 1358 2389 1420 coactum
2445 1356 2581 1419 fuit
2620 1352 3052 1435 Concilium,

814 1465 1014 1553 cujus
1072 1467 1237 1527 acta
1293 1463 1397 1527 ita
1452 1463 1832 1546 incipiunt;
1895 1465 2097 1548 Papa
2143 1464 2374 1529 Victor
2427 1464 2780 1528 Romanae
2845 1461 3057 1526 Urbis

808 1571 1197 1655 Episcopus
1227 1571 1489 1635 direxit
1519 1572 2000 1636 auctoritatem
2042 1570 2136 1635 ad
2176 1571 2620 1655 Theophilum
2652 1568 3056 1637 Caesarien-

810 1699 970 1743 sem.
1042 1677 1203 1743 Cum
1250 1679 1616 1744 multitudo
1673 1679 1804 1743 illa
1841 1679 2171 1759 convenit,
2214 1677 2628 1762 Theophilus
2659 1674 3059 1760 Episcopus

798 1787 1100 1869 protulit
1134 1785 1612 1851 auctoritatem
1646 1785 1742 1850 ad
1771 1807 1841 1851 se
1875 1785 2158 1850 missam
2190 1786 2427 1870 Papae
2477 1784 2795 1849 Victoris.

990 1892 1291 1957 Saeculo
1355 1892 1488 1974 ΙΙΙ,
1560 1910 1826 1976 magna
1860 1899 2119 1958 exorta
2172 1893 2246 1957 in
2312 1891 2562 1956 Africa
2627 1890 3059 1973 quaestione

812 1999 1008 2063 circa
1044 2000 1551 2064 admissionem
1584 1999 2077 2064 adulterorum
2106 2000 2198 2063 ad
2226 1999 2774 2081 poenitentiam,
2811 1996 3059 2061 Ponti-

810 2107 934 2171 fex
970 2105 1036 2171 S.
1071 2107 1522 2189 Zephyrinus
1557 2108 1849 2189 scripsit
1883 2107 2285 2190 Epistolam
2352 2106 2815 2191 praecipiens
2849 2105 3060 2187 Epis-

812 2215 1012 2295 copis
1054 2214 1586 2297 admissionem,
1627 2233 1815 2297 quae
1847 2215 2175 2296 Epistola
2210 2214 2304 2279 ad
2363 2233 2495 2279 nos
2533 2232 2760 2296 usque
2794 2231 3060 2295 perve-

810 2321 916 2386 nit
952 2339 1080 2404 per
1112 2321 1633 2387 Tertullianum
1670 2323 1793 2405 qui
1829 2340 1989 2385 eam
2025 2322 2099 2385 in
2153 2322 2372 2386 Libro
2405 2323 2494 2387 de
2533 2321 2861 2390 Castitate
2911 2339 3061 2384 me-

812 2438 1068 2510 morat,
1109 2434 1181 2494 et
1214 2429 1546 2510 quamvis
1574 2430 1730 2511 jam
1791 2429 2236 2493 Montanista
2288 2430 2500 2494 nimis
2556 2428 3060 2510 indulgentem

812 2540 1082 2618 censet,
1148 2540 1470 2603 attamen
1533 2536 2045 2602 auctoritatem
2106 2537 2445 2603 Romanis
2503 2536 2871 2602 Pontificis
2929 2555 3060 2619 ag-

810 2644 1066 2708 noscit.

988 2746 1452 2833 SaeculolV,
1490 2749 1560 2816 S.
1600 2750 1897 2816 Siricius
1936 2751 2029 2816 ad
2077 2751 2520 2817 Hiemerium
2555 2751 3058 2815 Tarraconen-

808 2876 962 2922 sem
992 2860 1237 2922 varias
1267 2858 1496 2923 missit
1522 2858 1974 2940 Decretales‚
2005 2859 2081 2922 in
2106 2860 2363 2940 quibus
2391 2857 3056 2940 rebaptizationem

810 2966 900 3028 ab
968 2965 1352 3030 haereticis
1444 2966 1979 3048 baptizatorum
2045 2965 2481 3048 prohibebat
2506 3015 2523 3048 ‚
2612 2964 3055 3048 proferendo

812 3074 1028 3136 etiam
1062 3072 1380 3136 Decreta
1413 3072 1523 3135 sui
1553 3072 2144 3156 praedecessoris
2207 3072 2480 3137 Liberii
2515 3072 2713 3135 hisce
2772 3071 3047 3136 verbis:

824 3180 1256 3245 Venerabilia
1298 3181 1589 3245 Decreta
1637 3201 1680 3244 a
1703 3181 2236 3264 praedecessore
2291 3201 2436 3246 meo
2485 3180 2758 3245 Liberio
2815 3179 3056 3258 missa,

814 3286 1068 3368 quibus
1108 3287 1506 3351 ostenditur
1539 3288 1652 3352 vis
1689 3290 1761 3351 et
1793 3287 2188 3350 auctoritas
2225 3287 2334 3350 his
2375 3287 2688 3351 decretis
2751 3285 3050 3349 tributa.

988 3392 1289 3458 Saeculo
1324 3393 1410 3476 V,
1447 3392 1518 3459 S.
1559 3393 1884 3458 Zosimus
1926 3393 2001 3457 in
2026 3411 2157 3457 sua
2184 3393 2504 3476 Epistola
2558 3392 2592 3455 I
2627 3390 2720 3455 ad
2759 3390 3054 3474 Episco-

810 3516 940 3580 pos
978 3498 1285 3583 Galliae,
1323 3504 1709 3583 postquam
1760 3500 2196 3564 decreverat
2230 3503 2307 3564 ut
2343 3499 2614 3581 clerici,
2659 3498 2783 3582 qui
2817 3516 2857 3562 e
2887 3498 3053 3563 Gral-

808 3606 906 3676 lia
940 3608 1030 3670 ad
1066 3608 1363 3671 Romam
1412 3614 1537 3671 aut
1586 3608 1728 3671 alio
1761 3625 1841 3670 se
1877 3607 2318 3688 conferrent,
2371 3606 2657 3671 litteras
2707 3607 3055 3692 formatas

810 3714 904 3796 (1)
940 3733 982 3776 a
1010 3714 1568 3796 Metropolitano
1601 3713 2018 3779 Arelatensi
2053 3718 2396 3796 acceptas
2456 3714 2805 3778 exhibere
2839 3712 3052 3777 debe·

808 3826 996 3904 rent,
1068 3822 1378 3886 addidit:
1450 3820 1675 3898 Quam
1731 3819 2232 3887 Auctoritatem
2297 3822 2539 3906 ubique
2605 3843 2729 3887 nos
2785 3822 3055 3886 misisse

952 4070 1026 4134 (l)
1098 4072 1344 4154 paterae
1358 4067 1651 4138 formatae
1677 4071 1757 4122 ita
1787 4068 1989 4137 dictae,
2015 4070 2167 4136 quod
2192 4067 2465 4136 peculiari
2493 4068 2679 4121 forma
2714 4084 2782 4122 ac
2809 4067 3055 4135 singula·

810 4140 968 4194 ribus
988 4144 1168 4220 sigpls
1192 4147 1251 4194 et
1269 4141 1694 4195 characteribus
1720 4141 1966 4208 scriptae
1992 4145 2173 4208 erant,
2203 4155 2278 4193 ne
2303 4140 2432 4206 quis
2479 4139 2661 4193 falsas
2697 4139 3052 4199 obtruderet.

808 4214 1160 4280 primaevam
1186 4212 1463 4281 originem
1488 4229 1523 4265 a
1549 4212 1820 4287 Copciliis
1846 4211 2203 4266 Illiberitano
2230 4215 2378 4276 (801)
2408 4215 2467 4264 et
2507 4212 2827 4266 Arelatensi
2857 4211 2882 4263 Ι
2903 4212 3057 4278 (314)

810 4284 1114 4349 duxerunt,
1142 4299 1381 4352 quorum
1402 4285 1614 4351 Patres,
1640 4285 1716 4338 ad
1743 4284 2075 4339 innumeros
2101 4283 2466 4351 corrigendos
2494 4283 2716 4338 abusus
2742 4300 2815 4337 ex
2839 4281 3055 4336 libellis
