3332 5100
1238 323 1593 385 -313—

308 467 453 536 Hoc
489 470 1008 554 amplissimum
1044 488 1243 553 opuS,
1295 470 1369 535 in
1424 470 1974 554 quatuordecim
2014 473 2249 536 tomos
2298 467 2530 537 distri-

307 579 573 661 butum,
609 577 1174 643 Constitutiones
1209 578 1626 641 Pontificias
1662 597 1706 641 a
1740 577 2004 642 Sancto
2040 577 2285 642 Leone
2340 578 2534 661 Mag-

306 703 393 748 no
429 702 658 764 usque
694 684 788 748 ad
822 682 1265 748 Clementem
1295 684 1437 747 XII
1473 685 1995 766 complectitur.

477 790 630 855 289.
729 791 1030 855 Praeter
1056 791 1438 873 generales
1461 791 1957 856 Decretalium
1984 791 2534 873 compilationes

304 899 691 963 recentiori
717 903 961 963 aetate
987 899 1429 982 elaboratae,
1467 899 1714 982 plures
1755 898 1994 962 editae
2029 903 2197 963 sunt
2261 897 2534 964 Consti-

303 1006 653 1070 tutionum
685 1006 1168 1089 particulares
1205 1006 1698 1089 collectioneS,
1736 1007 1812 1070 in
1872 1005 2129 1089 quibus
2185 1006 2534 1088 posterio-

302 1131 457 1177 rum
481 1112 912 1177 Pontificum
974 1113 1412 1196 gravissima
1473 1117 1695 1196 atque
1751 1113 2232 1179 celeberrima
2291 1131 2534 1178 monu-

302 1225 545 1283 menta
573 1221 1058 1285 continentur.
1095 1219 1500 1284 Memorare
1527 1219 1844 1284 sufficiat
1868 1220 2375 1284 collectionem
2404 1222 2536 1284 sub

299 1327 587 1391 nomine
622 1326 928 1390 Bullarii
960 1325 1335 1390 Benedicti
1388 1325 1560 1390 XIV
1608 1326 1802 1409 typis
1853 1326 2286 1391 adornatam
2337 1331 2409 1390 et
2463 1327 2538 1390 in

303 1436 612 1514 quatuor
648 1435 1020 1498 volumina
1076 1434 1446 1515 tributam,
1499 1433 1825 1497 Bullaria
1882 1433 2274 1499 Clementis
2328 1432 2534 1516 XIII,

302 1536 690 1604 Clementis
725 1539 920 1622 XIV,
959 1545 1032 1603 et
1065 1539 1175 1603 Pii
1210 1538 1330 1603 VI.
1370 1539 1636 1621 Utique
1672 1556 1920 1604 omnes
1974 1540 2383 1622 efflagitant
2415 1559 2536 1604 no-

301 1663 473 1710 vam
507 1651 579 1710 et
627 1647 997 1728 ingentem
1061 1645 1567 1709 collectionem
1623 1644 1717 1708 ad
1778 1644 2098 1714 Leonem
2155 1645 2357 1729 XIII,
2418 1648 2540 1729 qui

299 1750 675 1816 Ecclesiae
710 1752 1284 1834 gubernaculum
1352 1750 1664 1815 feliciter
1720 1756 1945 1832 tenet,
2012 1768 2236 1834 usque
2282 1770 2540 1835 perve-

299 1859 647 1940 nientem3
678 1858 807 1924 sed
837 1859 1152 1922 fortasse
1187 1858 1330 1922 viri
1355 1858 1619 1922 eruditi
1647 1857 1816 1922 huic
1852 1876 2113 1940 magno
2152 1860 2358 1941 operi
2382 1877 2540 1942 per-

298 1967 604 2031 ficiendo
654 1968 1102 2049 incumbunt,
1171 1972 1244 2030 et
1304 1973 1482 2031 vota
1553 1967 1963 2031 communia
2019 1967 2255 2050 citius,
2324 1985 2542 2051 quam

300 2074 665 2138 confidere
699 2074 894 2156 licet,
932 2073 1541 2155 adimplebuntur.

480 2179 744 2247 Omnes
778 2181 959 2246 istas
996 2180 1373 2246 Bullarum
1408 2182 1880 2247 collectiones
1929 2179 2165 2247 denuo
2222 2182 2540 2247 animad-

298 2289 651 2354 vertimus
685 2291 1143 2373 privatorum
1176 2289 1543 2354 hominum
1579 2307 1805 2372 opera
1838 2306 1999 2354 esse
2036 2289 2433 2372 confectas3
2466 2296 2544 2354 at

297 2413 668 2480 nunquam
735 2399 1172 2463 auctoritate
1233 2400 1608 2482 pontificia
1670 2399 2020 2482 probatas
2076 2398 2300 2462 fuisse
2362 2400 2540 2461 tam-

299 2521 519 2587 quam
546 2506 870 2572 codicem
902 2506 1219 2590 legalem
1252 2509 1326 2573 in
1359 2508 1693 2574 Ecclesia
1740 2505 2143 2574 universali
2207 2505 2354 2572 vim
2417 2506 2540 2571 ha-

301 2613 619 2679 bentem.

480 2724 634 2789 290.
731 2724 795 2789 A
829 2727 1123 2791 saeculo
1158 2726 1337 2791 XIII
1373 2725 1627 2811 (1230),
1669 2744 1806 2810 quo
1857 2726 2127 2809 prodiit
2190 2724 2540 2792 Collectio

299 2828 758 2913 Gregoriana
795 2834 1150 2917 usquead
1203 2835 1573 2899 saeculum
1635 2834 1808 2898 XVI
1873 2834 2128 2917 (1530),
2199 2834 2336 2898 hoc
2404 2839 2536 2915 est,

296 2940 520 3004 trium
555 2942 1016 3006 saeculorum
1052 2948 1316 3025 tractu,
1355 2943 1585 3007 ferme
1621 2959 1870 3006 omnes
1904 2943 2047 3007 viri
2088 2941 2393 3006 studiosi
2424 2958 2540 3005 cu-

294 3064 461 3111 ram
521 3048 1032 3128 impenderunt
1089 3050 1499 3115 scrutandis
1564 3055 1784 3133 atque
1849 3050 1924 3113 in
2002 3067 2221 3114 unum
2277 3066 2540 3132 corpus

296 3157 705 3221 referendis
760 3158 1240 3224 Maximorum
1305 3159 1733 3224 Pontificum
1789 3158 2319 3240 Decretalibus3
2385 3157 2538 3239 sed,

240 3271 253 3276 ”
298 3279 464 3328 cum
501 3282 819 3329 canones
853 3265 1393 3332 Lateranenses
1458 3270 1532 3332 in
1602 3267 1869 3333 Codice
1935 3266 2271 3349 Gregorii
2332 3265 2536 3349 XIII,

295 3369 822 3452 Lugdunenses
856 3393 1035 3440 vero
1073 3382 1146 3439 et
1179 3377 1629 3442 Viennenses
1661 3378 1737 3442 in
1772 3376 1990 3442 Sexto
2027 3384 2101 3441 et
2158 3374 2538 3441 Clementi-

294 3480 414 3545 nis
439 3482 596 3562 Jam
629 3485 874 3548 essent
906 3484 1180 3569 inserti,
1218 3487 1344 3552 vix
1380 3491 1506 3550 aut
1531 3504 1622 3550 ne
1657 3487 1787 3551 vix
1842 3486 2131 3568 quidem
2175 3486 2290 3550 vir
2351 3484 2540 3548 ullus

298 3589 626 3680 eruditus
661 3593 963 3676 exstitit,
1011 3594 1132 3676 qui
1165 3594 1501 3659 Decretis
1561 3592 2049 3658 Conciliorum
2114 3590 2540 3673 colligendis

297 3695 723 3763 incumbere
754 3700 1190 3765 intenderet.
1227 3701 1594 3783 Attamen,
1664 3701 1957 3765 saeculo
1991 3699 2165 3765 XVI
2221 3699 2376 3780 jam
2437 3699 2538 3763 in-

299 3812 544 3891 cept0,
583 3806 1069 3874 Conciliorum
1105 3812 1289 3876 actis
1325 3816 1396 3875 et
1432 3812 1832 3877 canonibus
1867 3808 2346 3891 congerendis
2374 3825 2534 3892 ope-

297 3930 464 3977 ram
495 3921 647 3981 tum
677 3917 1143 4000 laboriosam,
1183 3924 1332 3983 tum
1367 3920 1615 3984 utilem
1649 3919 1896 4002 plures
1931 3918 2073 3983 viri
2127 3917 2322 3982 docti
2376 3935 2540 3983 con-

297 4020 649 4086 tulerunt:
686 4023 854 4088 inde
889 4025 1015 4088 alii
1049 4026 1336 4108 quidem
1370 4028 1578 4091 unius
1608 4026 1925 4094 nationis
1954 4030 2079 4095 aut
2110 4025 2540 4108 provinciae

300 4126 655 4216 Concilia,
693 4133 819 4198 alii
875 4139 1116 4199 autem
1175 4138 1416 4203 omnia
1477 4136 1717 4205 ubivis
1778 4136 2103 4221 gentium
2165 4137 2540 4205 celebrata

299 4236 652 4322 colligere
686 4240 1140 4311 studuerunt.

2778 576 2814 608 a*
