3332 5100
1650 297 2007 355 —146—

713 442 1290 527 depravationis,
1320 442 1888 525 perturbationis
1938 443 2253 525 sociam,
2305 441 2694 523 religiosae
2738 461 2964 523 nega-

711 552 954 634 tionis,
1022 551 1455 632 summatim,
1525 554 1947 614 cunctorum
1977 569 2301 613 errorum
2337 557 2555 631 atque
2585 551 2962 633 vitiorum,

715 677 902 743 quae
936 665 1250 724 mentem
1287 663 1360 723 et
1393 676 1518 722 cor
1553 677 1596 723 a
1631 673 1836 723 recta
1870 659 2203 723 veritatis
2243 663 2315 721 et
2341 659 2672 739 justitiae
2698 661 2968 723 semita

716 764 1116 846 deduxere,
1155 765 1286 829 vix
1320 769 1445 829 aut
1477 783 1568 829 ne
1594 765 1724 830 vix
1749 767 2159 829 enumerari
2189 771 2493 847 possunt
2525 765 2969 829 documenta

715 874 1359 957 praestantissima
1389 872 1481 936 ab
1517 870 1944 954 Apostolica
2011 871 2195 935 Sede
2229 873 2561 955 profecta
2598 891 2728 955 pro
2764 891 2966 937 erro—

714 981 913 1046 ribus
982 979 1484 1046 convellendis
1549 983 1621 1043 et
1677 978 1993 1042 moribus
2055 979 2531 1059 corrigendis
2587 979 2968 1059 Ejusmodi

715 1089 1203 1154 Romanorum
1237 1088 1664 1152 Pontificum
1729 1091 2219 1167 monumenta,
2291 1087 2622 1149 doctrina
2656 1105 2798 1149 non
2836 1089 2966 1151 mi-

720 1215 850 1263 nus
888 1215 1101 1279 quam
1155 1197 1431 1280 pietate
1480 1196 1894 1279 praeclara,
1961 1195 2610 1259 luculentissimum
2646 1195 2964 1257 testimo-

722 1303 914 1365 nium
954 1303 1159 1365 nobis
1195 1301 1543 1365 exhibent
1562 1301 1748 1382 juris
1784 1303 1973 1365 sacri
2005 1307 2075 1365 et
2103 1303 2648 1365 ecclesiasticae
2674 1303 2968 1383 legisla-

722 1411 938 1473 tionis
974 1411 1170 1474 circa
1192 1410 1502 1492 plurima
1536 1408 1728 1490 fidei,
1761 1427 2061 1489 morum,
2101 1429 2187 1471 ac
2225 1409 2652 1491 disciplinae
2690 1411 2966 1491 capita,

720 1519 840 1581 vel
878 1535 1175 1599 prorsus
1234 1518 1536 1597 rejecta,
1566 1517 1689 1580 vel
1722 1516 1796 1579 in
1859 1515 2151 1580 dubium
2209 1521 2559 1581 revocata
2624 1535 2668 1579 a
2734 1519 2970 1597 prope

722 1624 1116 1687 innumeris
1151 1623 1696 1705 systematibuS,
1737 1640 1923 1704 quae
1969 1625 2359 1685 recentiori
2407 1627 2650 1685 aetate
2682 1641 2774 1687 ex
2808 1643 2972 1705 ger-

724 1733 916 1795 mine
954 1730 1534 1795 Protestantismi
1570 1730 2041 1813 pullularunt.

842 1839 932 1903 Et
968 1839 1167 1920 sane,
1212 1856 1421 1902 nemo
1456 1840 1565 1901 est
1600 1837 1725 1919 qui
1756 1838 2037 1901 nesciat
2071 1837 2481 1901 novissimis
2517 1839 2972 1919 temporibus

726 1947 1294 2029 quamplurimas
1328 1946 1646 2009 Litteras
1681 1943 2141 2026 Apostolicas
2177 1947 2249 2009 in
2281 1947 2515 2009 forma
2575 1947 2734 2009 sive
2797 1947 2974 2009 Bre-

722 2055 860 2133 vis,
920 2055 1074 2117 sive
1137 2052 1640 2134 AllocutioniS,
1703 2053 1861 2117 sive
1894 2053 2235 2116 solemnis
2289 2051 2862 2133 ConstitutioniS,
2928 2073 2974 2117 a

724 2157 988 2225 Christi
1008 2159 1335 2242 Vicariis‚
1351 2158 1549 2223 Petri
1569 2159 2121 2225 Successoribus
2151 2161 2221 2223 in
2239 2161 2427 2223 Prim
2439 2167 2559 2223 atu
2581 2159 2972 2225 Pontificio

728 2285 886 2331 esse
924 2268 1426 2351 promulgatas
1462 2268 1556 2331 ad
1591 2271 1699 2332 tot
1732 2267 2003 2349 placita
2055 2267 2489 2349 damnanda,
2553 2273 2730 2347 quot
2786 2269 2972 2331 effu-

726 2375 862 2439 tire
900 2377 1055 2439 ausi
1090 2376 1296 2439 fuere
1330 2376 1663 2440 adversus
1697 2376 2073 2439 Dominam
2105 2385 2167 2439 et
2199 2375 2541 2441 Christum
2569 2379 2718 2461 ejus
2746 2377 2978 2439 scele-

725 2485 872 2549 rati
908 2491 978 2547 et
1011 2483 1432 2568 nequissimi
1465 2484 1818 2547 homines.
1875 2480 2221 2563 Quisnam
2257 2485 2447 2548 enim
2485 2483 2820 2548 oblivisci
2848 2503 2980 2566 po-

724 2593 894 2655 terit
932 2594 1380 2677 apostolicae
1418 2591 1888 2672 fortitudinis,
1930 2610 2073 2672 qua
2117 2592 2491 2654 Ecclesiae
2543 2594 2734 2674 jura,
2766 2592 2980 2656 Sedis

724 2701 1090 2765 Romanae
1118 2701 1652 2781 auctoritatem,
1676 2703 1748 2764 et
1764 2699 2137 2763 doctrinae
2157 2700 2563 2762 catholicae
2593 2702 2978 2782 integrita-

726 2813 868 2871 tem
920 2809 1384 2872 vindicarunt
1416 2807 1685 2876 Paulus
1719 2807 1805 2888 V,
1861 2805 2253 2890 Gregorius
2287 2810 2445 2890 XV,
2487 2806 2818 2872 Clemens
2866 2810 2980 2872 XI

726 2919 944 2995 atque
997 2914 1465 2978 Innocentius
1529 2913 1598 2978 X
1650 2913 2003 2978 adversus
2063 2916 2738 2992 Richerianismum3
2810 2914 2976 2978 Cle-

730 3039 928 3085 mens
966 3021 1141 3084 XIII
1178 3021 1529 3085 adversus
1566 3021 2269 3102 Febronianismum3
2341 3022 2760 3086 Alexander
2795 3024 2982 3088 VIII

728 3134 798 3194 et
832 3128 1295 3193 Innocentius
1332 3128 1473 3192 XII
1538 3128 1892 3192 adversus
1944 3128 2585 3220 'Gallicanismunn
2642 3130 2808 3192 Pius
2872 3130 2984 3194 VI

730 3238 1079 3300 adversus
1116 3236 1680 3318 Jansenismum3
1722 3235 2117 3319 Gregorius
2165 3238 2335 3302 XVI
2371 3244 2443 3300 et
2475 3238 2644 3300 Pius
2706 3238 2812 3302 IX
2848 3240 2978 3302 ad-

730 3362 984 3408 versus
1016 3344 1597 3425 Liberalismum‚
1637 3349 1708 3408 et
1743 3345 2053 3427 denique
2119 3346 2267 3408 Leo
2331 3346 2509 3408 XIII
2569 3346 2688 3428 qui
2724 3346 2982 3410 Eccle-

728 3452 880 3516 siae
940 3451 1439 3532 gubernacula
1474 3470 1666 3516 nunc
1700 3456 1924 3533 tenet,
1985 3454 2339 3516 adversus
2375 3452 2986 3518 Rationalismuin

728 3559 1223 3642 scientificum,
1290 3557 1796 3623 Socialismum
1827 3559 2203 3641 politicum
2238 3564 2309 3622 et
2367 3560 2650 3642 regium,
2714 3558 2982 3624 Caesa-

726 3664 1061 3730 rismum?

904 3773 1100 3837 Nulli
1131 3773 1377 3855 igitur,
1416 3773 1539 3855 qui
1582 3773 1657 3836 in
1713 3773 2019 3838 scientia
2083 3774 2437 3836 canonica
2507 3776 2978 3856 aliquatenus

728 3884 1064 3944 versatus
1100 3881 1215 3963 sit,
1255 3882 1595 3963 ignorare
1621 3882 1819 3962 licet,
1858 3882 2271 3959 speciminis
2301 3882 2565 3962 gratia,
2600 3882 2987 3950 mirificam

728 3987 1127 4051 Alexandri
1162 3988 1331 4052 VIII
1371 3987 1975 4054 Constitutionem
2033 3992 2225 4054 Inter
2261 3992 2700 4072 multiplice&
2742 3992 2986 4056 erudi-

730 4096 1076 4159 tissimam
1109 4095 1478 4160 Benedicti
1510 4096 1682 4160 XIV
1715 4096 1997 4160 Bullam
2033 4098 2351 4162 Sollicita
2385 4118 2465 4160 ac
2487 4098 2822 4180 provida,
2866 4118 2986 4164 ce-

725 4202 1188 4266 leberrimam
1212 4203 1671 4268 invictissimi
1707 4202 1815 4266 Pii
1847 4204 1944 4270 VI
1975 4204 2575 4270 Constitutionem
2602 4200 2990 4274 Auctorem
