3332 5100
1671 321 1907 380 -224
1952 354 2024 366 —

737 461 1073 531 Ostiariis
1107 467 1178 529 et
1208 464 1661 547 Lectoribus,
1701 465 1801 538 de,
1840 464 2180 531 Conciliis
2238 466 2843 550 MetropolitaniS,
2885 470 2975 532 de

738 572 1094 636 divisione
1128 572 1673 652 Parochiarum,
1733 572 1822 637 de
1876 574 2228 638 bonorum
2286 574 2659 638 Ecclesiae
2695 576 2975 638 abonis

735 680 1079 764 Episcopi
1115 679 1602 762 distinctione,
1639 680 1730 744 de
1782 682 1940 746 oleo
1980 682 2054 744 in
2096 682 2568 764 candelabro,
2631 684 2719 746 de
2771 682 2985 746 thure

737 789 832 853 ad
874 787 1316 853 oblationem
1350 788 1424 852 in
1476 787 1839 852 sacrificio
1908 788 2310 866 offerendo,
2374 790 2683 872 aliisque
2741 790 2815 852 id
2863 808 2985 872 ge-

735 913 897 978 nus,
934 911 1122 978 quae
1178 895 1380 959 certe
1430 894 1950 977 Apostolorum
2014 914 2102 958 ac
2152 894 2224 960 S.
2280 894 2673 962 Clementis
2735 904 2983 962 aetate

735 1002 1151 1067 recentiora
1176 1007 1367 1066 sunt.
2288 1082 2296 1086 ¹

914 1109 1288 1174 Postremo
1315 1108 1671 1189 ejusmodi
1695 1110 2114 1190 congeriem
2136 1110 2570 1174 canonicam
2599 1130 2737 1174 nec
2755 1108 2985 1192 Apos-

737 1216 905 1282 tolis
931 1234 1068 1282 nec
1100 1215 1167 1281 S.
1201 1215 1558 1281 Clementi
1583 1217 1906 1280 tribuere
1940 1236 2344 1298 possumne,
2376 1218 2546 1300 quia
2600 1220 2809 1282 nobis
2861 1238 2985 1284 ve-

736 1330 847 1390 tat
878 1325 1101 1390 totius
1137 1324 1597 1407 antiquitatis
1624 1325 2068 1389 christianae
2098 1328 2490 1406 silentium3
2524 1344 2759 1410 neque
2793 1328 2987 1390 enim

739 1431 1090 1498 Eusebius
1127 1430 1647 1514 Caesariensis,
1714 1431 1785 1496 S.
1844 1431 2332 1516 Hieronymus
2401 1434 2799 1516 ceterique,
2863 1434 2989 1516 qui

737 1540 813 1605 in
841 1538 1351 1605 conservanda
1407 1539 2074 1604 ecclesiasticorum
2138 1542 2580 1622 scriptorum
2635 1542 2987 1604 memoria

739 1646 1295 1730 diligentissime
1349 1647 1628 1712 versati
1690 1652 1884 1729 sunt,
1974 1648 2196 1710 ullam
2284 1666 2532 1712 eorum
2627 1666 2987 1712 canonum

627 1759 633 1764 “
738 1754 1180 1820 mentionem
1214 1754 1575 1837 fecerunt,
1612 1770 1852 1836 neque
1892 1754 2144 1818 Victor
2176 1754 2516 1818 Pontifex
2570 1754 2647 1818 in
2697 1758 2989 1818 contro-

738 1861 986 1928 versia
1021 1860 1110 1926 de
1167 1860 1529 1926 Paschate
1588 1860 2054 1940 celebrande,
2124 1864 2250 1924 aut
2302 1860 2374 1924 S.
2438 1860 2847 1942 Cyprianus
2911 1862 2985 1926 in

741 1969 1246 2034 controversia
1280 1968 1369 2032 de
1423 1968 1869 2050 baptismate
1932 1968 2466 2032 haereticorum
2522 1968 2635 2032 his
2693 1970 2987 2032 canoni-

740 2075 872 2140 bus
908 2076 1189 2158 uspiam
1231 2074 1341 2139 usi
1374 2076 1606 2140 fuere:
1663 2075 1727 2140 si
1780 2079 2022 2140 autem
2082 2074 2597 2156 Apostolorum
2651 2076 2985 2158 fuissent,

740 2200 877 2248 nec
933 2200 1057 2247 eos
1111 2182 1453 2265 ignorare
1510 2185 1875 2265 poterant,
1934 2200 2070 2246 nec
2136 2184 2212 2246 in
2274 2182 2586 2246 medium
2651 2184 2989 2264 proferre

742 2289 1176 2368 omisissent,
1218 2287 1805 2371 quandoquidem
1834 2289 1963 2353 illa
2022 2290 2683 2352 controversiarum
2743 2290 2989 2370 capita

740 2397 1014 2462 eisdem
1040 2395 1438 2459 canonibus
1495 2395 1883 2478 perspicue
1940 2396 2498 2460 definiebantur.
2558 2394 2811 2458 Liceat
2857 2394 2985 2476 igi-

739 2507 858 2569 tur
909 2502 1119 2568 nobis
1165 2502 1367 2567 hisce
1414 2502 1823 2567 rationibus
1882 2506 2230 2585 permotis
2290 2504 2641 2585 colligere
2699 2506 2987 2567 senten-

741 2613 942 2694 tiam,
982 2628 1168 2694 quae
1200 2610 1390 2674 hanc
1415 2610 1922 2675 collectionem
1954 2613 2388 2693 completam
2416 2611 2789 2693 Apostolis
2823 2629 2989 2673 auc-

740 2720 1018 2790 toribus
1052 2718 1174 2786 vel
1208 2717 1564 2784 Clementi
1598 2718 1861 2783 editori
1894 2719 2268 2801 adscribit,
2300 2719 2530 2783 solido
2566 2717 2989 2781 fundamen-

741 2833 813 2892 to
850 2844 1012 2891 esse
1046 2826 1491 2891 destitutam.

917 2933 1024 2998 2.⁸
1113 2932 1184 2997 S.
1215 2931 1550 2999 Gelasius
1583 2933 1707 2998 vel
1741 2932 1992 2996 melius
2020 2931 2090 2997 S.
2142 2933 2568 2997 Hormisdas
2621 2931 2987 3013 Pontifex,

734 3042 950 3123 Juxta
1014 3040 1722 3106 animadversionem
1770 3039 2108 3104 Fratrum
2170 3039 2574 3121 Ballerinii,
2639 3043 2857 3121 atque
2913 3039 2985 3103 S.

740 3148 1060 3213 Isidorus
1087 3149 1542 3232 Hispalensis
1605 3148 2126 3231 genuinitatem
2172 3147 2382 3229 hujus
2446 3147 2981 3229 compilationis

743 3257 1196 3339 apostolicae
1262 3258 1591 3322 absolute
1641 3256 1717 3320 in
1780 3255 2074 3319 dubium
2124 3259 2593 3337 revocarunt,
2653 3255 2987 3337 proinde-

745 3381 884 3446 que
919 3382 1167 3429 omnes
1194 3381 1513 3429 canones
1546 3363 2060 3445 Apostolorum
2094 3363 2560 3445 apocryphos
2601 3367 2983 3443 vocarunt,

743 3472 985 3554 prouti
1012 3472 1268 3538 videre
1301 3477 1411 3536 est
1444 3469 1637 3553 apud
1672 3468 2098 3535 Gratianum
2138 3471 2258 3553 (1).
2298 3471 2408 3533 Ab
2442 3471 2797 3551 ejusmodi
2821 3489 2979 3533 sen-

744 3579 975 3643 tentia
1012 3597 1174 3645 cum
1199 3580 1444 3644 debita
1475 3579 1895 3644 reverentia
1928 3579 2388 3659 discedimUS,
2426 3579 2597 3659 quia
2639 3579 2989 3641 scientiae

743 3688 1191 3769 provectiori
1243 3690 1317 3751 et
1361 3705 1620 3752 sacrae
1674 3686 1962 3751 critices
2020 3687 2526 3769 progressibus
2593 3687 2809 3767 plane
2879 3705 2991 3749 re-

743 3800 1046 3878 pugnat.
1085 3796 1147 3860 A
1179 3796 1470 3860 saeculo
1506 3795 1681 3861 VIII
1715 3813 1847 3859 usu
1902 3795 2232 3875 generali
2284 3801 2356 3859 et
2416 3795 2791 3859 Ecclesiae
2853 3793 2989 3857 La-

745 3903 943 3968 tinae
1001 3904 1356 3986 suffragio
1422 3904 1685 3967 saltem
1772 3902 2300 3991 quinquaginta
2382 3903 2599 3985 primi
2669 3921 2991 3967 canones

745 4008 1259 4091 Apostolorum
1293 4010 1575 4092 recepti
1600 4013 1792 4090 sunt;
1824 4009 2090 4073 etenim
2124 4009 2200 4073 in
2258 4007 2580 4073 Concilio
2637 4007 2989 4091 Romano,

890 4245 964 4310 (l)
1040 4239 1174 4295 Can.
1203 4245 1254 4306 3,
1273 4241 1396 4295 dist.
1428 4242 1512 4306 15,
1542 4244 1600 4295 et
1624 4216 1743 4295 can.
1776 4245 1821 4309 l,
1847 4239 1970 4295 dist.
2008 4243 2084 4293 16.
