3332 5100
1291 345 1644 411 -51-„

316 487 464 552 lem
501 486 936 569 Ecclesiam,
973 485 1111 552 hoc
1142 489 1276 570 est,
1318 488 1745 553 societatem
1787 489 1943 571 jam
1997 489 2430 574 institutam,
2468 492 2570 558 le-

317 594 529 678 gibus
567 593 1076 673 essentialibus
1112 594 1548 677 praeditam,
1588 595 1840 660 divina
1874 598 2390 664 constitutione
2423 617 2572 664 mu-

316 703 574 784 nitam,
616 701 1047 785 dotibusque
1078 702 1392 784 propriis
1453 705 1525 766 et
1557 703 1747 767 notis
1807 705 2297 786 peculiaribus
2355 724 2566 791 prae·

317 810 723 892 fulgentem
757 809 976 891 longo
1012 809 1469 874 saeculorum
1501 812 1765 874 tractu.

1126 1127 1652 1194 ARTICULUS
1710 1131 1773 1195 V

1220 1357 1682 1408 SUMMARIUM

314 1489 388 1542 46
449 1487 745 1550 Quaenam
773 1484 1089 1552 Disciplina
1126 1486 1203 1538 sit
1225 1483 1685 1539 mutabilia-4Z
1725 1485 1876 1549 Quid
1900 1486 1972 1540 de
1991 1487 2293 1554 disciplina
2330 1490 2576 1556 particu-

460 1558 575 1613 lari
599 1558 965 1611 sentiendum
1012 1557 1265 1609 sit—48.
1304 1556 1452 1618 Quid
1492 1558 1564 1610 de
1608 1558 1909 1624 disciplina
1951 1559 2213 1627 generali,
2239 1564 2354 1613 tam
2383 1563 2574 1628 tempo-

456 1630 590 1692 rali,
636 1645 807 1696 quam
850 1631 1297 1696 perpetum-49.
1339 1629 1475 1681 Pars
1522 1627 1876 1682 invariabilis
1924 1631 2261 1698 disciplinae
2306 1631 2572 1686 internae.

460 1704 617 1754 —50.
658 1705 787 1754 Pars
814 1699 1275 1752 variabilia-51.
1316 1700 1684 1753 Conditiones
1713 1704 2068 1754 necessariae
2096 1703 2169 1754 ad
2197 1704 2571 1756 mutationem

457 1774 640 1841 partis
666 1788 821 1825 mere
844 1770 1425 1824 caeremonialia—52.
1467 1772 1828 1824 Elementum
1873 1772 2210 1828 immutabile
2236 1775 2573 1841 disciplinae

458 1847 894 1898 externae—53.
934 1844 1293 1895 Elementum
1331 1841 1769 1897 mutabile—54.
1809 1843 2104 1905 Quaenam
2140 1846 2214 1899 ad
2260 1847 2574 1911 legitimam

460 1916 816 1983 Disciplinae
837 1914 1211 1967 mutationem
1235 1914 1611 1981 requirantur.

491 2113 604 2180 46.
703 2112 1111 2194 Disciplina
1165 2113 1520 2178 mutabilis
1576 2113 1849 2195 passim
1882 2117 2345 2197 nuncupatur
2402 2137 2574 2200 quae

311 2222 729 2287 auctoritate
763 2227 943 2284 mere
968 2221 1351 2304 apostolica
1376 2222 1718 2304 instituta,
1748 2223 1852 2287 vel
1888 2224 1972 2287 ab
2006 2223 2324 2290 Ecclesia
2361 2245 2572 2310 prae-

310 2331 581 2413 scripta
609 2335 672 2393 et
699 2348 849 2392 cum
876 2328 1185 2413 doqmate
1200 2328 1530 2394 catholico
1543 2331 2005 2395 necessariam
2032 2338 2234 2415 atque
2256 2333 2575 2397 intimam

312 2437 805 2502 commonionem
850 2457 986 2500 non
1020 2435 1290 2516 habene,
1321 2457 1394 2501 eo
1428 2437 1579 2520 ipso
1628 2437 2081 2522 abroyatiom‘,
2122 2439 2571 2524 deroqatz'om',

312 2554 434 2611 aut
482 2545 853 2610 mutationi
909 2545 1233 2630 subjacet,
1284 2545 1862 2627 praesuppositis
1913 2550 2159 2609 tamen
2207 2547 2572 2612 nonnullis

312 2653 896 2719 restrictionibus
952 2669 1081 2716 seu
1116 2653 1692 2735 exceptionibus,
1733 2671 1920 2735 quae
1954 2653 2145 2719 hanc
2181 2656 2400 2719 etiam
2435 2655 2572 2719 dis-

314 2764 665 2845 ciplinam
689 2762 763 2825 in
789 2761 1007 2825 rebus
1044 2761 1644 2826 substantialibus
1674 2765 1747 2827 et
1779 2762 2306 2845 principalibus
2331 2766 2572 2830 immu-

314 2872 595 2936 tabilem
625 2869 961 2933 reddunt.

492 2976 635 3042 Sed
684 2995 844 3041 cum
902 2976 1310 3059 Disciplina
1359 2977 1647 3041 ratione
1706 2978 2126 3043 eoetensionis
2157 2978 2230 3041 in
2253 2978 2571 3063 particu-

258 3078 266 3085 ’
313 3088 533 3152 larem
590 3088 665 3149 et
718 3086 1105 3171 yeneralem
1160 3085 1673 3168 distinguatur,
1727 3088 1801 3149 et
1862 3086 2227 3165 generalis
2286 3086 2574 3150 ratione

317 3196 711 3261 durationis
743 3196 1006 3258 iterum
1060 3194 1605 3279 intemporalem
1632 3212 1719 3258 ac
1736 3203 2151 3279 perpetuam
2178 3192 2570 3275 dividatur,

316 3305 747 3384 demumque
784 3306 1138 3384 perpetua
1176 3304 1460 3365 ratione
1499 3305 1832 3367 materiae
1883 3320 2012 3366 seu
2047 3304 2289 3389 objecti
2325 3318 2575 3365 rursus

314 3412 388 3476 in
419 3414 771 3476 internam
805 3413 1025 3491 atque
1076 3416 1433 3474 eaeternczm
1492 3409 1880 3490 tribuatur,
1916 3408 2050 3473 has
2083 3408 2333 3474 varias
2367 3407 2574 3472 disci-

317 3519 564 3601 plinae
623 3516 907 3599 species
963 3515 1387 3598 singillatim
1446 3516 2010 3598 perpendemuS,
2051 3518 2128 3579 ut
2183 3514 2455 3597 liquide
2505 3519 2576 3579 et

319 3624 659 3689 distincte
708 3627 962 3706 pateat
1016 3624 1205 3688 ratio
1262 3623 1775 3688 mutabilitatis
1810 3624 1932 3690 vel
1968 3622 2574 3688 immutabilitatis

320 3733 392 3797 in
428 3732 757 3816 qualibet
793 3732 1203 3814 disciplina.

491 3840 606 3905 47.
704 3840 811 3905 Ac
836 3841 1069 3923 primo
1107 3841 1418 3923 quidem,
1458 3841 1518 3905 si
1573 3840 1661 3905 de
1700 3840 2088 3923 disciplina
2134 3839 2574 3924 particulari

323 3952 609 4030 agatur,
672 3953 927 4030 aperte
988 3948 1217 4031 liquet
1275 3966 1437 4012 eam
1494 3950 1752 4029 suapte
1817 3952 2081 4011 natura
2139 3944 2576 4011 variabilem

324 4071 504 4134 esse,
526 4058 599 4119 et
623 4054 953 4138 proinde,
966 4055 1179 4135 Juxta
1199 4056 1493 4119 diversa
1511 4072 1750 4119 rerum
1764 4054 2135 4135 adjuncta,
2155 4070 2410 4118 usuum
2434 4052 2571 4116 ori-

326 4162 563 4243 ginem
576 4162 701 4228 vel
737 4162 1275 4228 consuetudinis
1304 4162 1779 4245 conditioneS,
1799 4160 2190 4245 aliquando
2219 4161 2572 4244 abrogan-

330 4267 513 4351 dam,
550 4268 945 4351 aliquando
982 4287 1160 4335 vero
1198 4269 1748 4335 asservandam.
