3332 5100
1291 361 1645 419 -153—

341 511 767 589 nascuntur,
807 505 1375 571 revalidationes
1411 505 1782 569 titulorum
1846 505 2384 581 beneficiorum,
2426 523 2588 570 con—

341 615 775 677 donationes
809 613 1175 675 fructuum
1241 613 1427 673 male
1479 617 2012 693 perceptorum,
2082 613 2588 675 concessiones

339 723 697 788 transitus
739 721 828 781 ab
867 737 1009 781 una
1041 719 1391 799 religione
1421 717 1511 781 ad
1547 719 1792 799 aliam,
1844 726 1982 783 etc.
2040 719 2590 783 Poenitentiarz'a

341 837 455 893 est
491 827 705 893 simul
743 825 1047 890 tribunal
1087 825 1233 909 for-i
1267 825 1547 905 interni,
1589 825 1664 887 in
1702 843 1840 907 quo
1874 825 2202 889 Summus
2252 825 2590 887 Pontifex

339 937 843 1021 plenissimam
869 933 1147 1015 ligandi
1179 937 1395 1013 atque
1463 931 1892 997 absolvendi
1958 937 2394 1015 potestatem
2458 951 2590 1015 per

341 1041 949 1127 poenitentiarios
985 1044 1305 1115 exercet,
1339 1041 1411 1101 et
1435 1041 1740 1103 tribunal
1770 1039 1916 1123 fori
1948 1041 2234 1103 externi.

527 1149 841 1213 Βατανέα
873 1149 983 1209 est
1015 1145 1357 1227 tribunal,
1395 1145 1469 1207 in
1507 1163 1645 1227 quo
1676 1147 1960 1227 gratiae
1984 1167 2120 1231 pro
2180 1147 2336 1231 foro
2372 1153 2588 1211 ember-

341 1279 429 1323 πο
497 1255 865 1321 valiturae
901 1253 1395 1317 conceduntur
1431 1259 1503 1315 et
1537 1253 2046 1333 expediuntur,
2106 1253 2210 1315 uti
2266 1251 2590 1315 collatio-

343 1381 475 1427 nes
541 1361 1083 1440 beneficiorum,
1143 1359 1722 1439 dispensationes
1776 1377 1994 1441 super
2058 1359 2590 1441 impedimentis

343 1471 659 1553 publicis
699 1467 1161 1547 matrimonii,
1193 1467 1483 1547 aliaque
1519 1467 1732 1547 plura
1760 1467 2052 1549 negotia
2080 1467 2590 1547 extrajudicia-
2654 1545 2656 1549 ,

343 1577 469 1657 lia,
513 1593 701 1657 quae
761 1581 973 1637 extra
1033 1573 1541 1657 consistorium
1597 1591 1639 1634 a
1692 1573 2014 1645 Romano
2052 1573 2398 1637 Pontifice
2434 1591 2590 1655 per-

345 1685 757 1747 solvuntur.
823 1681 1101 1743 Nomen
1137 1681 1421 1761 accepit
1487 1697 1531 1741 a
1585 1681 1946 1743 vocabulo
2012 1681 2300 1743 infimae
2354 1681 2590 1745 latini-

345 1791 517 1851 tatis
555 1789 747 1869 data,
787 1789 957 1867 quia
995 1785 1325 1849 officialis
1361 1785 1527 1847 huic
1563 1787 1844 1849 muneri
1900 1787 2314 1867 praefectus
2376 1807 2592 1853 manu

345 1893 477 1955 SUa
515 1894 763 1955 datam
787 1911 917 1955 seu
947 1893 1135 1953 diem
1163 1893 1379 1955 datae
1415 1893 1698 1973 gratiae
1734 1893 2156 1955 adnotabat.

525 2001 923 2065 Secretaria
973 2001 1355 2081 apostolica
1415 2001 1798 2079 multiplex
1854 2007 1986 2063 est:
2040 1999 2141 2061 1.0
2200 1999 2592 2065 Sem-staria

345 2107 853 2189 Memoralium,
889 2107 1005 2187 cuj
1023 2125 1099 2169 us
1137 2107 1453 2169 officium
1489 2107 1563 2167 in
1591 2107 2038 2187 supplicibus
2074 2107 2338 2171 libellis
2404 2109 2592 2171 exci-

347 2215 659 2295 piendis,
699 2215 947 2295 eisque
981 2213 1307 2275 Romano
1345 2213 1678 2275 Pontifici
1714 2213 2106 2277 offerendis
2142 2219 2358 2295 atque
2384 2213 2596 2277 simul

345 2323 943 2403 responsionibus
983 2319 1590 2399 extendendiset
1647 2321 2122 2401 expediendis
2178 2323 2392 2384 situm
2458 2327 2590 2401 est;

347 2427 451 2489 2.⁰
479 2429 879 2491 Secretarz'a
913 2427 1243 2491 Brevium
1277 2427 1609 2489 instituta
1641 2429 1734 2489 ad
1770 2427 2254 2489 conficiendas
2310 2429 2594 2491 litteras

347 2536 785 2618 pontificias,
825 2554 1013 2618 quae
1047 2536 1533 2616 expediuntur
1567 2536 1641 2598 in
1702 2536 1938 2620 forma
2004 2536 2274 2616 Brevis;
2312 2536 2420 2598 3.0
2480 2540 2593 2600 »Se-

349 2646 657 2708 cretaria
713 2644 951 2708 Status
1013 2662 1140 2704 seu
1203 2644 1680 2706 Ministeriuin
1742 2642 1984 2704 Status
2042 2642 2394 2724 pontificii
2462 2660 2592 2724 pro

349 2752 815 2814 moderandis
883 2752 1205 2814 externis
1267 2752 1455 2812 inter
1517 2750 1923 2812 Ecclesiam
1988 2760 2206 2830 atque
2264 2750 2594 2814 diversas

351 2860 731 2922 christiani
767 2860 961 2922 orbis
995 2864 1249 2940 gentes
1283 2860 1786 2938 relationibus„
1826 2864 1898 2920 et
1930 2858 2300 2920 solvendis
2340 2876 2592 2938 quaes-

351 2968 667 3032 tionibus
701 2970 889 3032 inter
923 2968 1407 3032 sacerdotium
1443 2976 1515 3028 et
1543 2966 1948 3048 imperium3
2016 2974 2350 3028 censetur
2416 2974 2590 3030 tam-

353 3092 569 3156 quam
603 3094 955 3156 organum
991 3092 1127 3156 quo
1157 3076 1519 3136 Romanus
1555 3074 1890 3136 Pontifex
1926 3090 2086 3136 cum
2146 3074 2594 3154 principibus

351 3180 851 3242 saecularibus
881 3180 1387 3258 communicat3
1425 3178 1531 3240 4.0
1581 3188 1876 3258 praeter
1924 3184 2324 3240 memorata
2354 3178 2596 3242 officia

351 3284 785 3352 Secretariae
819 3290 1239 3372 apostolicae
1289 3290 1696 3370 commissa,
1756 3296 1922 3352 sunt
1978 3288 2114 3352 duo
2176 3290 2302 3352 alii
2358 3290 2592 3354 minis·

355 3400 447 3460 tri
505 3418 549 3460 a
609 3402 909 3462 secretis
973 3416 1103 3480 pro
1171 3400 1495 3480 epistolis
1557 3400 1946 3482 pontificiis
2022 3400 2590 3480 conscribendis„

355 3510 639 3590 nempe,
679 3508 1127 3572 Secretarius
1171 3510 1579 3574 litterarum
1617 3528 1802 3590 quae
1866 3508 1960 3572 ad
2009 3508 2376 3590 principes
2442 3506 2596 3568 mit-

357 3618 627 3698 tuntur,
673 3620 745 3678 et
797 3614 1247 3680 Secretarius
1303 3618 1716 3680 litterarum
1779 3616 2198 3696 latinarum,
2256 3630 2442 3696 quae
2502 3612 2596 3676 ad

357 3726 683 3804 privatos
713 3726 1143 3808 diriguntur.

535 3834 685 3896 130.
785 3834 1089 3898 Saeculo
1123 3834 1319 3916 XVI,
1359 3839 1661 3916 urgente
1696 3834 2062 3914 gravitate
2098 3832 2170 3894 et
2208 3830 2594 3896 multitudi-

359 3958 447 4004 ne
479 3946 931 4024 negotiorum
969 3962 1155 4026 quae
1191 3944 1281 4006 ad
1319 3944 1573 4006 Sedem
1631 3942 2128 4024 Apostolicam
2182 3940 2594 4004 affereban-

361 4054 493 4134 tur,
533 4072 693 4116 cum
729 4054 837 4116 his
875 4054 1377 4134 persolvendis
1415 4052 1918 4116 consistorium
1970 4050 2260 4112 minime
2312 4048 2592 4112 suffice-

361 4166 491 4242 ret,
529 4162 913 4226 Pontifices
951 4162 1269 4242 Maximi,
1303 4178 1393 4224 ne
1415 4178 1633 4222 onere
1668 4165 1918 4222 tantae
1948 4156 2594 4222 administrationis

363 4272 963 4354 opprimerentur,
995 4270 1409 4336 successive
1439 4274 1760 4334 statuere
1790 4272 2190 4352 coeperunt
2218 4266 2594 4332 distinctas
