<?xml version="1.0" encoding="UTF-8"?>
<!DOCTYPE html PUBLIC "-//W3C//DTD XHTML 1.0 Transitional//EN"
    "http://www.w3.org/TR/xhtml1/DTD/xhtml1-transitional.dtd">
<html xmlns="http://www.w3.org/1999/xhtml" xml:lang="en" lang="en">
 <head>
  <title>
</title>
<meta http-equiv="Content-Type" content="text/html;charset=utf-8" />
  <meta name='ocr-system' content='tesseract 3.04.00' />
  <meta name='ocr-capabilities' content='ocr_page ocr_carea ocr_par ocr_line ocrx_word'/>
</head>
<body>
  <div class='ocr_page' id='page_1' title='image "./introductioinju00ferngoog_0123.png"; bbox 0 0 3332 5100; ppageno 0'>
   <div class='ocr_carea' id='block_1_1' title="bbox 1231 352 1587 414">
    <p class='ocr_par' dir='ltr' id='par_1_1' title="bbox 1231 352 1587 414">
     <span class='ocr_line' id='line_1_1' title="bbox 1231 352 1587 414; baseline 0.006 -3"><span class='ocrx_word' id='word_1_1' title='bbox 1231 352 1587 414; x_wconf 45' lang='lat'>*103*</span> 
     </span>
    </p>
   </div>
   <div class='ocr_carea' id='block_1_2' title="bbox 319 496 2616 4339">
    <p class='ocr_par' dir='ltr' id='par_1_2' title="bbox 319 496 2584 2380">
     <span class='ocr_line' id='line_1_2' title="bbox 487 496 2550 582; baseline 0.001 -20"><span class='ocrx_word' id='word_1_2' title='bbox 487 496 593 562; x_wconf 83' lang='lat'>4.0</span> <span class='ocrx_word' id='word_1_3' title='bbox 683 498 767 562; x_wconf 90' lang='lat' dir='ltr'>In</span> <span class='ocrx_word' id='word_1_4' title='bbox 793 498 1005 580; x_wconf 79' lang='lat' dir='ltr'>praxi</span> <span class='ocrx_word' id='word_1_5' title='bbox 1033 498 1293 562; x_wconf 87' lang='lat' dir='ltr'>saltem</span> <span class='ocrx_word' id='word_1_6' title='bbox 1321 518 1363 562; x_wconf 91' lang='lat' dir='ltr'>a</span> <span class='ocrx_word' id='word_1_7' title='bbox 1391 500 1820 581; x_wconf 87' lang='lat' dir='ltr'>pontificatu</span> <span class='ocrx_word' id='word_1_8' title='bbox 1848 498 2142 562; x_wconf 89' lang='lat' dir='ltr'>Martini</span> <span class='ocrx_word' id='word_1_9' title='bbox 2166 498 2268 564; x_wconf 84' lang='lat' dir='ltr'>IV</span> <span class='ocrx_word' id='word_1_10' title='bbox 2294 499 2550 582; x_wconf 80' lang='lat'>(1281),</span> 
     </span>
     <span class='ocr_line' id='line_1_3' title="bbox 323 604 2556 688; baseline 0.001 -20"><span class='ocrx_word' id='word_1_11' title='bbox 323 606 435 688; x_wconf 88' lang='lat' dir='ltr'>qui</span> <span class='ocrx_word' id='word_1_12' title='bbox 457 606 823 686; x_wconf 88' lang='lat' dir='ltr'>Urbiveti,</span> <span class='ocrx_word' id='word_1_13' title='bbox 863 604 985 668; x_wconf 90' lang='lat' dir='ltr'>ubi</span> <span class='ocrx_word' id='word_1_14' title='bbox 1019 606 1207 668; x_wconf 88' lang='lat' dir='ltr'>Aula</span> <span class='ocrx_word' id='word_1_15' title='bbox 1239 606 1617 668; x_wconf 89' lang='lat' dir='ltr'>Pontificia</span> <span class='ocrx_word' id='word_1_16' title='bbox 1645 610 1818 668; x_wconf 86' lang='lat' dir='ltr'>tunc</span> <span class='ocrx_word' id='word_1_17' title='bbox 1854 608 2198 688; x_wconf 85' lang='lat' dir='ltr'>temporis</span> <span class='ocrx_word' id='word_1_18' title='bbox 2226 608 2556 672; x_wconf 89' lang='lat' dir='ltr'>moraba-</span> 
     </span>
     <span class='ocr_line' id='line_1_4' title="bbox 321 714 2556 794; baseline 0.002 -18"><span class='ocrx_word' id='word_1_19' title='bbox 321 718 451 794; x_wconf 88' lang='lat' dir='ltr'>tur,</span> <span class='ocrx_word' id='word_1_20' title='bbox 485 714 767 776; x_wconf 87' lang='lat' dir='ltr'>Bullam</span> <span class='ocrx_word' id='word_1_21' title='bbox 823 714 1591 776; x_wconf 81' lang='lat' dir='ltr'>excommunicationis</span> <span class='ocrx_word' id='word_1_22' title='bbox 1655 714 2074 778; x_wconf 79' lang='lat' dir='ltr'><strong>fulminavit</strong></span> <span class='ocrx_word' id='word_1_23' title='bbox 2132 720 2388 778; x_wconf 89' lang='lat' dir='ltr'>contra</span> <span class='ocrx_word' id='word_1_24' title='bbox 2424 716 2556 780; x_wconf 75' lang='lat' dir='ltr'>Mi-</span> 
     </span>
     <span class='ocr_line' id='line_1_5' title="bbox 319 820 2557 904; baseline 0.001 -20"><span class='ocrx_word' id='word_1_25' title='bbox 319 820 603 884; x_wconf 71' lang='lat' dir='ltr'>chaelem</span> <span class='ocrx_word' id='word_1_26' title='bbox 637 820 1125 904; x_wconf 67' lang='lat' dir='ltr'>Palaeoloyam</span> <span class='ocrx_word' id='word_1_27' title='bbox 1161 820 1249 882; x_wconf 93' lang='lat' dir='ltr'>ob</span> <span class='ocrx_word' id='word_1_28' title='bbox 1285 822 1499 884; x_wconf 86' lang='lat' dir='ltr'>fidem</span> <span class='ocrx_word' id='word_1_29' title='bbox 1533 822 1886 884; x_wconf 84' lang='lat' dir='ltr'>violatam</span> <span class='ocrx_word' id='word_1_30' title='bbox 1922 822 1996 884; x_wconf 88' lang='lat' dir='ltr'>in</span> <span class='ocrx_word' id='word_1_31' title='bbox 2056 822 2557 902; x_wconf 89' lang='lat' dir='ltr'>promovenda</span> 
     </span>
     <span class='ocr_line' id='line_1_6' title="bbox 321 924 2556 1010; baseline 0.002 -20"><span class='ocrx_word' id='word_1_32' title='bbox 321 928 557 992; x_wconf 75' lang='lat' dir='ltr'>unione</span> <span class='ocrx_word' id='word_1_33' title='bbox 591 926 967 990; x_wconf 75' lang='lat' dir='ltr'>Ecclesiae</span> <span class='ocrx_word' id='word_1_34' title='bbox 1003 924 1333 990; x_wconf 79' lang='lat' dir='ltr'>Graecae</span> <span class='ocrx_word' id='word_1_35' title='bbox 1399 932 1471 990; x_wconf 90' lang='lat' dir='ltr'>et</span> <span class='ocrx_word' id='word_1_36' title='bbox 1509 928 1842 1010; x_wconf 78' lang='lat' dir='ltr'>Latinae,</span> <span class='ocrx_word' id='word_1_37' title='bbox 1906 946 2074 992; x_wconf 88' lang='lat' dir='ltr'>usus</span> <span class='ocrx_word' id='word_1_38' title='bbox 2114 928 2426 994; x_wconf 89' lang='lat' dir='ltr'>invaluit</span> <span class='ocrx_word' id='word_1_39' title='bbox 2458 932 2556 994; x_wconf 92' lang='lat' dir='ltr'>le-</span> 
     </span>
     <span class='ocr_line' id='line_1_7' title="bbox 321 1034 2558 1118; baseline 0.002 -22"><span class='ocrx_word' id='word_1_40' title='bbox 321 1050 439 1114; x_wconf 88' lang='lat' dir='ltr'>ges</span> <span class='ocrx_word' id='word_1_41' title='bbox 471 1034 877 1116; x_wconf 87' lang='lat' dir='ltr'>pontificias</span> <span class='ocrx_word' id='word_1_42' title='bbox 905 1034 1285 1096; x_wconf 80' lang='lat' dir='ltr'><strong>dumtaxat</strong></span> <span class='ocrx_word' id='word_1_43' title='bbox 1313 1034 1581 1098; x_wconf 88' lang='lat' dir='ltr'>Romae</span> <span class='ocrx_word' id='word_1_44' title='bbox 1615 1036 2034 1116; x_wconf 81' lang='lat' dir='ltr'>evulgandi,</span> <span class='ocrx_word' id='word_1_45' title='bbox 2064 1052 2156 1098; x_wconf 91' lang='lat' dir='ltr'>ne</span> <span class='ocrx_word' id='word_1_46' title='bbox 2192 1036 2558 1118; x_wconf 76' lang='lat' dir='ltr'>principes</span> 
     </span>
     <span class='ocr_line' id='line_1_8' title="bbox 321 1140 2560 1224; baseline 0.002 -22"><span class='ocrx_word' id='word_1_47' title='bbox 321 1142 731 1204; x_wconf 75' lang='lat' dir='ltr'>saeculares</span> <span class='ocrx_word' id='word_1_48' title='bbox 769 1146 891 1204; x_wconf 89' lang='lat' dir='ltr'>aut</span> <span class='ocrx_word' id='word_1_49' title='bbox 923 1140 1271 1222; x_wconf 76' lang='lat' dir='ltr'>episcopi,</span> <span class='ocrx_word' id='word_1_50' title='bbox 1311 1158 1441 1204; x_wconf 84' lang='lat' dir='ltr'>sua</span> <span class='ocrx_word' id='word_1_51' title='bbox 1481 1144 1850 1222; x_wconf 77' lang='lat' dir='ltr'>potestate</span> <span class='ocrx_word' id='word_1_52' title='bbox 1892 1142 2300 1224; x_wconf 80' lang='lat' dir='ltr'>abutentes,</span> <span class='ocrx_word' id='word_1_53' title='bbox 2338 1144 2560 1224; x_wconf 88' lang='lat' dir='ltr'>irnpe-</span> 
     </span>
     <span class='ocr_line' id='line_1_9' title="bbox 321 1246 2562 1332; baseline 0.002 -24"><span class='ocrx_word' id='word_1_54' title='bbox 321 1246 553 1310; x_wconf 86' lang='lat' dir='ltr'>dirent</span> <span class='ocrx_word' id='word_1_55' title='bbox 585 1250 711 1310; x_wconf 87' lang='lat' dir='ltr'>aut</span> <span class='ocrx_word' id='word_1_56' title='bbox 745 1248 1213 1310; x_wconf 75' lang='lat' dir='ltr'>retardarent</span> <span class='ocrx_word' id='word_1_57' title='bbox 1251 1248 1844 1330; x_wconf 85' lang='lat' dir='ltr'>publicationem,</span> <span class='ocrx_word' id='word_1_58' title='bbox 1902 1254 1974 1312; x_wconf 91' lang='lat' dir='ltr'>et</span> <span class='ocrx_word' id='word_1_59' title='bbox 2028 1254 2562 1332; x_wconf 87' lang='lat' dir='ltr'>consequenter</span> 
     </span>
     <span class='ocr_line' id='line_1_10' title="bbox 321 1356 2560 1438; baseline 0.001 -20"><span class='ocrx_word' id='word_1_60' title='bbox 321 1356 833 1436; x_wconf 83' lang='lat' dir='ltr'>obligationem</span> <span class='ocrx_word' id='word_1_61' title='bbox 871 1356 1285 1436; x_wconf 87' lang='lat' dir='ltr'>hujusmodi</span> <span class='ocrx_word' id='word_1_62' title='bbox 1319 1356 1585 1436; x_wconf 84' lang='lat' dir='ltr'>legum.</span> <span class='ocrx_word' id='word_1_63' title='bbox 1627 1356 1746 1420; x_wconf 84' lang='lat' dir='ltr'>Sic</span> <span class='ocrx_word' id='word_1_64' title='bbox 1772 1358 1960 1420; x_wconf 89' lang='lat' dir='ltr'>inter</span> <span class='ocrx_word' id='word_1_65' title='bbox 1986 1356 2298 1438; x_wconf 87' lang='lat' dir='ltr'>plurima</span> <span class='ocrx_word' id='word_1_66' title='bbox 2324 1374 2560 1420; x_wconf 77' lang='lat' dir='ltr'>exem-</span> 
     </span>
     <span class='ocr_line' id='line_1_11' title="bbox 319 1462 2560 1546; baseline 0.002 -22"><span class='ocrx_word' id='word_1_67' title='bbox 319 1462 461 1544; x_wconf 86' lang='lat' dir='ltr'>pla,</span> <span class='ocrx_word' id='word_1_68' title='bbox 523 1480 711 1544; x_wconf 89' lang='lat' dir='ltr'>quae</span> <span class='ocrx_word' id='word_1_69' title='bbox 771 1464 1033 1526; x_wconf 89' lang='lat' dir='ltr'>adduci</span> <span class='ocrx_word' id='word_1_70' title='bbox 1073 1468 1395 1546; x_wconf 85' lang='lat' dir='ltr'>possent,</span> <span class='ocrx_word' id='word_1_71' title='bbox 1459 1482 1627 1528; x_wconf 89' lang='lat' dir='ltr'>suas</span> <span class='ocrx_word' id='word_1_72' title='bbox 1682 1464 1942 1528; x_wconf 73' lang='lat' dir='ltr'>‘Bullas</span> <span class='ocrx_word' id='word_1_73' title='bbox 1980 1464 2560 1546; x_wconf 87' lang='lat' dir='ltr'>promulgarunt:</span> 
     </span>
     <span class='ocr_line' id='line_1_12' title="bbox 321 1564 2564 1652; baseline 0.003 -22"><span class='ocrx_word' id='word_1_74' title='bbox 321 1568 733 1632; x_wconf 85' lang='lat' dir='ltr'>Bonifacius</span> <span class='ocrx_word' id='word_1_75' title='bbox 769 1564 963 1652; x_wconf 86' lang='lat' dir='ltr'>VIII,</span> <span class='ocrx_word' id='word_1_76' title='bbox 1005 1568 1607 1634; x_wconf 70' lang='lat' dir='ltr'>constitutionem</span> <span class='ocrx_word' id='word_1_77' title='bbox 1653 1570 1874 1634; x_wconf 70' lang='lat' dir='ltr'>Unam</span> <span class='ocrx_word' id='word_1_78' title='bbox 1930 1570 2260 1636; x_wconf 70' lang='lat' dir='ltr'>Sanctam</span> <span class='ocrx_word' id='word_1_79' title='bbox 2308 1572 2564 1636; x_wconf 83' lang='lat' dir='ltr'>adver-</span> 
     </span>
     <span class='ocr_line' id='line_1_13' title="bbox 321 1676 2566 1758; baseline 0.002 -21"><span class='ocrx_word' id='word_1_80' title='bbox 321 1692 433 1738; x_wconf 88' lang='lat' dir='ltr'>sus</span> <span class='ocrx_word' id='word_1_81' title='bbox 471 1676 985 1758; x_wconf 84' lang='lat' dir='ltr'>usurpationes</span> <span class='ocrx_word' id='word_1_82' title='bbox 1043 1682 1115 1738; x_wconf 88' lang='lat' dir='ltr'>et</span> <span class='ocrx_word' id='word_1_83' title='bbox 1169 1676 1457 1758; x_wconf 88' lang='lat' dir='ltr'>iniquas</span> <span class='ocrx_word' id='word_1_84' title='bbox 1507 1678 2060 1758; x_wconf 88' lang='lat' dir='ltr'>praetensiones</span> <span class='ocrx_word' id='word_1_85' title='bbox 2118 1676 2436 1758; x_wconf 89' lang='lat' dir='ltr'>Philippi</span> <span class='ocrx_word' id='word_1_86' title='bbox 2466 1676 2566 1741; x_wconf 91' lang='lat' dir='ltr'>IV</span> 
     </span>
     <span class='ocr_line' id='line_1_14' title="bbox 323 1780 2566 1866; baseline 0.001 -22"><span class='ocrx_word' id='word_1_87' title='bbox 323 1786 793 1862; x_wconf 88' lang='lat' dir='ltr'>cognomento</span> <span class='ocrx_word' id='word_1_88' title='bbox 811 1782 1095 1846; x_wconf 76' lang='lat' dir='ltr'>Pulchri</span> <span class='ocrx_word' id='word_1_89' title='bbox 1099 1806 1125 1864; x_wconf 86' lang='lat'>,·</span> <span class='ocrx_word' id='word_1_90' title='bbox 1143 1782 1187 1846; x_wconf 87' lang='lat' dir='ltr'><strong>J</strong></span> <span class='ocrx_word' id='word_1_91' title='bbox 1193 1802 1229 1844; x_wconf 95' lang='lat' dir='ltr'>o</span> <span class='ocrx_word' id='word_1_92' title='bbox 1239 1800 1463 1846; x_wconf 86' lang='lat' dir='ltr'>annes</span> <span class='ocrx_word' id='word_1_93' title='bbox 1489 1782 1728 1866; x_wconf 87' lang='lat' dir='ltr'>XXII,</span> <span class='ocrx_word' id='word_1_94' title='bbox 1758 1780 2356 1846; x_wconf 85' lang='lat' dir='ltr'>Constitutionem</span> <span class='ocrx_word' id='word_1_95' title='bbox 2374 1782 2566 1846; x_wconf 73' lang='lat' dir='ltr'>Licet</span> 
     </span>
     <span class='ocr_line' id='line_1_15' title="bbox 323 1886 2560 1970; baseline 0 -18"><span class='ocrx_word' id='word_1_96' title='bbox 323 1906 605 1952; x_wconf 87' lang='lat' dir='ltr'>errores</span> <span class='ocrx_word' id='word_1_97' title='bbox 639 1890 953 1954; x_wconf 70' lang='lat' dir='ltr'>Marsilii</span> <span class='ocrx_word' id='word_1_98' title='bbox 985 1888 1327 1952; x_wconf 80' lang='lat' dir='ltr'>Patavini</span> <span class='ocrx_word' id='word_1_99' title='bbox 1363 1890 1800 1968; x_wconf 80' lang='lat' dir='ltr'>damnand03</span> <span class='ocrx_word' id='word_1_100' title='bbox 1842 1890 2008 1952; x_wconf 89' lang='lat' dir='ltr'>Pius</span> <span class='ocrx_word' id='word_1_101' title='bbox 2042 1889 2166 1970; x_wconf 89' lang='lat' dir='ltr'>IV,</span> <span class='ocrx_word' id='word_1_102' title='bbox 2206 1886 2560 1953; x_wconf 84' lang='lat' dir='ltr'>Constitu-</span> 
     </span>
     <span class='ocr_line' id='line_1_16' title="bbox 321 1994 2562 2078; baseline 0 -20"><span class='ocrx_word' id='word_1_103' title='bbox 321 1996 589 2060; x_wconf 87' lang='lat' dir='ltr'>tionem</span> <span class='ocrx_word' id='word_1_104' title='bbox 639 1998 1051 2060; x_wconf 68' lang='lat' dir='ltr'>Benedictus</span> <span class='ocrx_word' id='word_1_105' title='bbox 1087 1998 1279 2060; x_wconf 71' lang='lat' dir='ltr'>Deus</span> <span class='ocrx_word' id='word_1_106' title='bbox 1315 1996 1808 2060; x_wconf 86' lang='lat' dir='ltr'>Tridentinam</span> <span class='ocrx_word' id='word_1_107' title='bbox 1880 1994 2246 2078; x_wconf 84' lang='lat' dir='ltr'>Synodum</span> <span class='ocrx_word' id='word_1_108' title='bbox 2310 1994 2562 2060; x_wconf 86' lang='lat' dir='ltr'>confir-</span> 
     </span>
     <span class='ocr_line' id='line_1_17' title="bbox 323 2102 2584 2184; baseline 0.001 -18"><span class='ocrx_word' id='word_1_109' title='bbox 323 2104 607 2184; x_wconf 67' lang='lat' dir='ltr'>mando}</span> <span class='ocrx_word' id='word_1_110' title='bbox 649 2122 735 2166; x_wconf 90' lang='lat' dir='ltr'>ac</span> <span class='ocrx_word' id='word_1_111' title='bbox 771 2108 1025 2166; x_wconf 88' lang='lat' dir='ltr'>nostra</span> <span class='ocrx_word' id='word_1_112' title='bbox 1059 2108 1305 2166; x_wconf 88' lang='lat' dir='ltr'>aetate</span> <span class='ocrx_word' id='word_1_113' title='bbox 1337 2104 1503 2166; x_wconf 87' lang='lat' dir='ltr'>Pius</span> <span class='ocrx_word' id='word_1_114' title='bbox 1539 2103 1645 2166; x_wconf 83' lang='lat' dir='ltr'>IX</span> <span class='ocrx_word' id='word_1_115' title='bbox 1682 2102 2246 2168; x_wconf 87' lang='lat' dir='ltr'>Constitutiones</span> <span class='ocrx_word' id='word_1_116' title='bbox 2282 2106 2418 2168; x_wconf 77' lang='lat' dir='ltr'>Dei</span> <span class='ocrx_word' id='word_1_117' title='bbox 2452 2104 2584 2176; x_wconf 42' lang='lat' dir='ltr'>Fi&lt;</span> 
     </span>
     <span class='ocr_line' id='line_1_18' title="bbox 321 2204 2568 2276; baseline 0.001 -4"><span class='ocrx_word' id='word_1_118' title='bbox 321 2210 455 2274; x_wconf 74' lang='lat' dir='ltr'>lius</span> <span class='ocrx_word' id='word_1_119' title='bbox 489 2214 563 2274; x_wconf 85' lang='lat' dir='ltr'>et</span> <span class='ocrx_word' id='word_1_120' title='bbox 591 2210 847 2276; x_wconf 78' lang='lat' dir='ltr'>Pastor</span> <span class='ocrx_word' id='word_1_121' title='bbox 881 2218 1199 2276; x_wconf 69' lang='lat' dir='ltr'>aeternus</span> <span class='ocrx_word' id='word_1_122' title='bbox 1235 2230 1279 2274; x_wconf 86' lang='lat' dir='ltr'>a</span> <span class='ocrx_word' id='word_1_123' title='bbox 1343 2210 1700 2274; x_wconf 84' lang='lat' dir='ltr'>Vaticano</span> <span class='ocrx_word' id='word_1_124' title='bbox 1766 2210 2088 2276; x_wconf 84' lang='lat' dir='ltr'>Concilio</span> <span class='ocrx_word' id='word_1_125' title='bbox 2152 2204 2342 2276; x_wconf 87' lang='lat' dir='ltr'>anno</span> <span class='ocrx_word' id='word_1_126' title='bbox 2396 2210 2568 2276; x_wconf 78' lang='lat'>1870</span> 
     </span>
     <span class='ocr_line' id='line_1_19' title="bbox 323 2318 579 2380; baseline 0 0"><span class='ocrx_word' id='word_1_127' title='bbox 323 2318 579 2380; x_wconf 81' lang='lat' dir='ltr'>editas,</span> 
     </span>
    </p>

    <p class='ocr_par' dir='ltr' id='par_1_3' title="bbox 325 2424 2616 4013">
     <span class='ocr_line' id='line_1_20' title="bbox 499 2424 2564 2508; baseline 0.002 -22"><span class='ocrx_word' id='word_1_128' title='bbox 499 2424 611 2486; x_wconf 84' lang='lat'>91.</span> <span class='ocrx_word' id='word_1_129' title='bbox 709 2424 1373 2506; x_wconf 84' lang='lat' dir='ltr'>Promulgationem</span> <span class='ocrx_word' id='word_1_130' title='bbox 1405 2426 1589 2506; x_wconf 89' lang='lat' dir='ltr'>legis</span> <span class='ocrx_word' id='word_1_131' title='bbox 1625 2426 2174 2490; x_wconf 84' lang='lat' dir='ltr'>ecclesiasticae</span> <span class='ocrx_word' id='word_1_132' title='bbox 2230 2442 2564 2508; x_wconf 80' lang='lat' dir='ltr'>seupon-</span> 
     </span>
     <span class='ocr_line' id='line_1_21' title="bbox 325 2532 2568 2615; baseline 0 -20"><span class='ocrx_word' id='word_1_133' title='bbox 325 2532 595 2595; x_wconf 89' lang='lat' dir='ltr'>tificiae</span> <span class='ocrx_word' id='word_1_134' title='bbox 633 2532 925 2615; x_wconf 80' lang='lat' dir='ltr'>proprie</span> <span class='ocrx_word' id='word_1_135' title='bbox 963 2532 1231 2597; x_wconf 86' lang='lat' dir='ltr'>dictam</span> <span class='ocrx_word' id='word_1_136' title='bbox 1261 2553 1303 2597; x_wconf 89' lang='lat' dir='ltr'>a</span> <span class='ocrx_word' id='word_1_137' title='bbox 1331 2532 1832 2615; x_wconf 78' lang='lat' dir='ltr'>divulgatione</span> <span class='ocrx_word' id='word_1_138' title='bbox 1866 2534 2050 2615; x_wconf 88' lang='lat' dir='ltr'>legis</span> <span class='ocrx_word' id='word_1_139' title='bbox 2078 2532 2230 2613; x_wconf 87' lang='lat' dir='ltr'>jam</span> <span class='ocrx_word' id='word_1_140' title='bbox 2256 2532 2568 2615; x_wconf 86' lang='lat' dir='ltr'>promul-</span> 
     </span>
     <span class='ocr_line' id='line_1_22' title="bbox 325 2639 2566 2723; baseline -0.001 -20"><span class='ocrx_word' id='word_1_141' title='bbox 325 2647 537 2721; x_wconf 87' lang='lat' dir='ltr'>gatae</span> <span class='ocrx_word' id='word_1_142' title='bbox 583 2657 743 2703; x_wconf 87' lang='lat' dir='ltr'>cum</span> <span class='ocrx_word' id='word_1_143' title='bbox 775 2639 1165 2723; x_wconf 88' lang='lat' dir='ltr'>Huguenin</span> <span class='ocrx_word' id='word_1_144' title='bbox 1235 2643 1692 2723; x_wconf 83' lang='lat' dir='ltr'>distinguere.</span> <span class='ocrx_word' id='word_1_145' title='bbox 1748 2641 2115 2703; x_wconf 86' lang='lat' dir='ltr'>debemus:</span> <span class='ocrx_word' id='word_1_146' title='bbox 2158 2641 2566 2721; x_wconf 81' lang='lat' dir='ltr'>promulga-</span> 
     </span>
     <span class='ocr_line' id='line_1_23' title="bbox 325 2747 2580 2829; baseline 0 -20"><span class='ocrx_word' id='word_1_147' title='bbox 325 2747 421 2811; x_wconf 89' lang='lat' dir='ltr'>tio</span> <span class='ocrx_word' id='word_1_148' title='bbox 463 2749 737 2811; x_wconf 87' lang='lat' dir='ltr'>etenim</span> <span class='ocrx_word' id='word_1_149' title='bbox 791 2755 903 2811; x_wconf 88' lang='lat' dir='ltr'>est</span> <span class='ocrx_word' id='word_1_150' title='bbox 935 2749 1233 2829; x_wconf 84' lang='lat' dir='ltr'>publica</span> <span class='ocrx_word' id='word_1_151' title='bbox 1271 2749 1453 2829; x_wconf 84' lang='lat' dir='ltr'>legis</span> <span class='ocrx_word' id='word_1_152' title='bbox 1489 2749 1916 2829; x_wconf 79' lang='lat' dir='ltr'>propositiO,</span> <span class='ocrx_word' id='word_1_153' title='bbox 1956 2749 2154 2809; x_wconf 87' lang='lat' dir='ltr'>facta</span> <span class='ocrx_word' id='word_1_154' title='bbox 2192 2747 2480 2809; x_wconf 87' lang='lat' dir='ltr'>nomine</span> <span class='ocrx_word' id='word_1_155' title='bbox 2506 2749 2580 2809; x_wconf 87' lang='lat' dir='ltr'>et</span> 
     </span>
     <span class='ocr_line' id='line_1_24' title="bbox 327 2853 2570 2937; baseline -0.001 -20"><span class='ocrx_word' id='word_1_156' title='bbox 327 2855 762 2919; x_wconf 85' lang='lat' dir='ltr'>auctoritate</span> <span class='ocrx_word' id='word_1_157' title='bbox 795 2855 1265 2937; x_wconf 82' lang='lat' dir='ltr'>legislatoris„</span> <span class='ocrx_word' id='word_1_158' title='bbox 1303 2857 1405 2917; x_wconf 90' lang='lat' dir='ltr'>ita</span> <span class='ocrx_word' id='word_1_159' title='bbox 1443 2861 1517 2919; x_wconf 90' lang='lat' dir='ltr'>ut</span> <span class='ocrx_word' id='word_1_160' title='bbox 1581 2855 1842 2917; x_wconf 89' lang='lat' dir='ltr'>notitia</span> <span class='ocrx_word' id='word_1_161' title='bbox 1894 2855 2078 2935; x_wconf 88' lang='lat' dir='ltr'>legis</span> <span class='ocrx_word' id='word_1_162' title='bbox 2118 2853 2208 2915; x_wconf 87' lang='lat' dir='ltr'>ad</span> <span class='ocrx_word' id='word_1_163' title='bbox 2246 2853 2570 2917; x_wconf 87' lang='lat' dir='ltr'>subditos</span> 
     </span>
     <span class='ocr_line' id='line_1_25' title="bbox 325 2961 2570 3047; baseline -0.002 -20"><span class='ocrx_word' id='word_1_164' title='bbox 325 2963 715 3045; x_wconf 85' lang='lat' dir='ltr'>pervenire</span> <span class='ocrx_word' id='word_1_165' title='bbox 751 2963 1005 3043; x_wconf 82' lang='lat' dir='ltr'>possit3</span> <span class='ocrx_word' id='word_1_166' title='bbox 1047 2965 1425 3047; x_wconf 69' lang='lat' dir='ltr'>divulqatio</span> <span class='ocrx_word' id='word_1_167' title='bbox 1457 2967 1696 3025; x_wconf 89' lang='lat' dir='ltr'>autem</span> <span class='ocrx_word' id='word_1_168' title='bbox 1736 2967 1846 3025; x_wconf 89' lang='lat' dir='ltr'>est</span> <span class='ocrx_word' id='word_1_169' title='bbox 1876 2961 2232 3043; x_wconf 87' lang='lat' dir='ltr'>quaedam</span> <span class='ocrx_word' id='word_1_170' title='bbox 2258 2961 2570 3041; x_wconf 89' lang='lat' dir='ltr'>promul-</span> 
     </span>
     <span class='ocr_line' id='line_1_26' title="bbox 327 3069 2570 3151; baseline -0.001 -18"><span class='ocrx_word' id='word_1_171' title='bbox 327 3071 639 3151; x_wconf 87' lang='lat' dir='ltr'>gationis</span> <span class='ocrx_word' id='word_1_172' title='bbox 673 3071 1001 3133; x_wconf 82' lang='lat' dir='ltr'>extensio</span> <span class='ocrx_word' id='word_1_173' title='bbox 1037 3089 1163 3135; x_wconf 89' lang='lat' dir='ltr'>seu</span> <span class='ocrx_word' id='word_1_174' title='bbox 1199 3071 1393 3133; x_wconf 85' lang='lat' dir='ltr'>illius</span> <span class='ocrx_word' id='word_1_175' title='bbox 1429 3071 1832 3133; x_wconf 87' lang='lat' dir='ltr'>declaratio</span> <span class='ocrx_word' id='word_1_176' title='bbox 1868 3071 2070 3133; x_wconf 86' lang='lat' dir='ltr'>facta</span> <span class='ocrx_word' id='word_1_177' title='bbox 2102 3069 2214 3151; x_wconf 72' lang='lat' dir='ltr'>iia,</span> <span class='ocrx_word' id='word_1_178' title='bbox 2254 3069 2374 3151; x_wconf 88' lang='lat' dir='ltr'>qui</span> <span class='ocrx_word' id='word_1_179' title='bbox 2408 3087 2570 3151; x_wconf 89' lang='lat' dir='ltr'>pro-</span> 
     </span>
     <span class='ocr_line' id='line_1_27' title="bbox 325 3177 2572 3259; baseline 0 -18"><span class='ocrx_word' id='word_1_180' title='bbox 325 3177 753 3259; x_wconf 87' lang='lat' dir='ltr'>mulgationi</span> <span class='ocrx_word' id='word_1_181' title='bbox 781 3197 925 3243; x_wconf 88' lang='lat' dir='ltr'>non</span> <span class='ocrx_word' id='word_1_182' title='bbox 959 3179 1471 3259; x_wconf 86' lang='lat' dir='ltr'>interfuerunt,</span> <span class='ocrx_word' id='word_1_183' title='bbox 1505 3179 1664 3243; x_wconf 87' lang='lat' dir='ltr'>sive</span> <span class='ocrx_word' id='word_1_184' title='bbox 1692 3179 1834 3241; x_wconf 89' lang='lat' dir='ltr'>ista</span> <span class='ocrx_word' id='word_1_185' title='bbox 1862 3177 2260 3241; x_wconf 86' lang='lat' dir='ltr'>notificatio</span> <span class='ocrx_word' id='word_1_186' title='bbox 2286 3177 2414 3239; x_wconf 86' lang='lat' dir='ltr'>fiat</span> <span class='ocrx_word' id='word_1_187' title='bbox 2440 3193 2572 3257; x_wconf 89' lang='lat' dir='ltr'>per</span> 
     </span>
     <span class='ocr_line' id='line_1_28' title="bbox 327 3285 2574 3369; baseline -0.001 -20"><span class='ocrx_word' id='word_1_188' title='bbox 327 3287 715 3349; x_wconf 87' lang='lat' dir='ltr'>inferiores</span> <span class='ocrx_word' id='word_1_189' title='bbox 791 3287 1289 3369; x_wconf 85' lang='lat' dir='ltr'>magistratus,</span> <span class='ocrx_word' id='word_1_190' title='bbox 1357 3287 1515 3351; x_wconf 83' lang='lat' dir='ltr'>sive</span> <span class='ocrx_word' id='word_1_191' title='bbox 1569 3305 1700 3367; x_wconf 92' lang='lat' dir='ltr'>per</span> <span class='ocrx_word' id='word_1_192' title='bbox 1756 3285 2086 3367; x_wconf 85' lang='lat' dir='ltr'>privatos</span> <span class='ocrx_word' id='word_1_193' title='bbox 2148 3285 2574 3367; x_wconf 87' lang='lat' dir='ltr'>fidedignos.</span> 
     </span>
     <span class='ocr_line' id='line_1_29' title="bbox 327 3391 2578 3477; baseline -0.001 -20"><span class='ocrx_word' id='word_1_194' title='bbox 327 3393 533 3457; x_wconf 91' lang='lat' dir='ltr'>Unde</span> <span class='ocrx_word' id='word_1_195' title='bbox 571 3395 895 3475; x_wconf 85' lang='lat' dir='ltr'>sequitur</span> <span class='ocrx_word' id='word_1_196' title='bbox 933 3395 1509 3477; x_wconf 80' lang='lat' dir='ltr'>divulgationem</span> <span class='ocrx_word' id='word_1_197' title='bbox 1541 3411 1686 3457; x_wconf 89' lang='lat' dir='ltr'>non</span> <span class='ocrx_word' id='word_1_198' title='bbox 1722 3411 1880 3455; x_wconf 88' lang='lat' dir='ltr'>esse</span> <span class='ocrx_word' id='word_1_199' title='bbox 1942 3393 2436 3455; x_wconf 84' lang='lat' dir='ltr'>necessariam</span> <span class='ocrx_word' id='word_1_200' title='bbox 2484 3391 2578 3455; x_wconf 86' lang='lat' dir='ltr'>ad</span> 
     </span>
     <span class='ocr_line' id='line_1_30' title="bbox 327 3499 2574 3583; baseline 0 -22"><span class='ocrx_word' id='word_1_201' title='bbox 327 3501 507 3581; x_wconf 88' lang='lat' dir='ltr'>legis</span> <span class='ocrx_word' id='word_1_202' title='bbox 537 3502 893 3583; x_wconf 79' lang='lat' dir='ltr'>valorem3</span> <span class='ocrx_word' id='word_1_203' title='bbox 937 3505 1009 3565; x_wconf 91' lang='lat' dir='ltr'>et</span> <span class='ocrx_word' id='word_1_204' title='bbox 1043 3503 1375 3583; x_wconf 87' lang='lat' dir='ltr'>quamvis</span> <span class='ocrx_word' id='word_1_205' title='bbox 1415 3503 1694 3565; x_wconf 88' lang='lat' dir='ltr'>certum</span> <span class='ocrx_word' id='word_1_206' title='bbox 1732 3501 1826 3563; x_wconf 84' lang='lat' dir='ltr'>sit</span> <span class='ocrx_word' id='word_1_207' title='bbox 1852 3499 2042 3581; x_wconf 88' lang='lat' dir='ltr'>quod</span> <span class='ocrx_word' id='word_1_208' title='bbox 2076 3499 2168 3563; x_wconf 88' lang='lat' dir='ltr'>ab</span> <span class='ocrx_word' id='word_1_209' title='bbox 2196 3499 2574 3579; x_wconf 88' lang='lat' dir='ltr'>obligatio-</span> 
     </span>
     <span class='ocr_line' id='line_1_31' title="bbox 329 3605 2616 3689; baseline -0.001 -19"><span class='ocrx_word' id='word_1_210' title='bbox 329 3625 415 3671; x_wconf 91' lang='lat' dir='ltr'>ne</span> <span class='ocrx_word' id='word_1_211' title='bbox 447 3607 633 3689; x_wconf 86' lang='lat' dir='ltr'>legis</span> <span class='ocrx_word' id='word_1_212' title='bbox 671 3613 1111 3673; x_wconf 81' lang='lat' dir='ltr'>excusentur</span> <span class='ocrx_word' id='word_1_213' title='bbox 1161 3609 1282 3689; x_wconf 87' lang='lat' dir='ltr'>qui</span> <span class='ocrx_word' id='word_1_214' title='bbox 1347 3609 1549 3671; x_wconf 86' lang='lat' dir='ltr'>illam</span> <span class='ocrx_word' id='word_1_215' title='bbox 1603 3607 1896 3671; x_wconf 84' lang='lat' dir='ltr'>minime</span> <span class='ocrx_word' id='word_1_216' title='bbox 1966 3605 2330 3687; x_wconf 83' lang='lat' dir='ltr'>noverint,</span> <span class='ocrx_word' id='word_1_217' title='bbox 2392 3609 2568 3669; x_wconf 85' lang='lat' dir='ltr'>atta·</span> <span class='ocrx_word' id='word_1_218' title='bbox 2612 3619 2616 3623; x_wconf 85' lang='lat'>·</span> 
     </span>
     <span class='ocr_line' id='line_1_32' title="bbox 331 3713 2572 3799; baseline -0.001 -20"><span class='ocrx_word' id='word_1_219' title='bbox 331 3733 493 3779; x_wconf 89' lang='lat' dir='ltr'>men</span> <span class='ocrx_word' id='word_1_220' title='bbox 533 3735 679 3779; x_wconf 90' lang='lat' dir='ltr'>non</span> <span class='ocrx_word' id='word_1_221' title='bbox 711 3717 1105 3799; x_wconf 88' lang='lat' dir='ltr'>requiritur</span> <span class='ocrx_word' id='word_1_222' title='bbox 1171 3719 1247 3779; x_wconf 90' lang='lat' dir='ltr'>ut</span> <span class='ocrx_word' id='word_1_223' title='bbox 1279 3715 1670 3779; x_wconf 88' lang='lat' dir='ltr'>intimatio·</span> <span class='ocrx_word' id='word_1_224' title='bbox 1702 3715 2018 3795; x_wconf 89' lang='lat' dir='ltr'>juridica</span> <span class='ocrx_word' id='word_1_225' title='bbox 2058 3713 2360 3795; x_wconf 88' lang='lat' dir='ltr'>singulis</span> <span class='ocrx_word' id='word_1_226' title='bbox 2420 3713 2572 3795; x_wconf 88' lang='lat' dir='ltr'>fiat,</span> 
     </span>
     <span class='ocr_line' id='line_1_33' title="bbox 335 3821 2576 3905; baseline -0.001 -20"><span class='ocrx_word' id='word_1_227' title='bbox 335 3823 547 3887; x_wconf 86' lang='lat' dir='ltr'>aliter</span> <span class='ocrx_word' id='word_1_228' title='bbox 611 3823 801 3887; x_wconf 89' lang='lat' dir='ltr'>enim</span> <span class='ocrx_word' id='word_1_229' title='bbox 865 3841 1233 3905; x_wconf 88' lang='lat' dir='ltr'>nunquam</span> <span class='ocrx_word' id='word_1_230' title='bbox 1299 3825 1674 3885; x_wconf 89' lang='lat' dir='ltr'>constaret</span> <span class='ocrx_word' id='word_1_231' title='bbox 1708 3823 2074 3885; x_wconf 85' lang='lat' dir='ltr'>sufficiens</span> <span class='ocrx_word' id='word_1_232' title='bbox 2130 3821 2372 3901; x_wconf 90' lang='lat' dir='ltr'>legum</span> <span class='ocrx_word' id='word_1_233' title='bbox 2406 3837 2576 3901; x_wconf 88' lang='lat' dir='ltr'>pro-</span> 
     </span>
     <span class='ocr_line' id='line_1_34' title="bbox 333 3931 707 4013; baseline 0 -20"><span class='ocrx_word' id='word_1_234' title='bbox 333 3931 707 4013; x_wconf 86' lang='lat' dir='ltr'>mulgatio.</span> 
     </span>
    </p>

    <p class='ocr_par' dir='ltr' id='par_1_4' title="bbox 335 4033 2582 4339">
     <span class='ocr_line' id='line_1_35' title="bbox 501 4033 2578 4121; baseline -0.003 -18"><span class='ocrx_word' id='word_1_235' title='bbox 501 4039 921 4117; x_wconf 13' lang='lat' dir='ltr'>,Praemissa</span> <span class='ocrx_word' id='word_1_236' title='bbox 961 4037 1100 4101; x_wconf 86' lang='lat' dir='ltr'>hac</span> <span class='ocrx_word' id='word_1_237' title='bbox 1137 4037 1623 4121; x_wconf 88' lang='lat' dir='ltr'>distinctione,</span> <span class='ocrx_word' id='word_1_238' title='bbox 1666 4055 1950 4101; x_wconf 88' lang='lat' dir='ltr'>errores</span> <span class='ocrx_word' id='word_1_239' title='bbox 1994 4035 2190 4099; x_wconf 89' lang='lat' dir='ltr'>circa</span> <span class='ocrx_word' id='word_1_240' title='bbox 2226 4033 2578 4115; x_wconf 73' lang='lat' dir='ltr'>eiusmodi</span> 
     </span>
     <span class='ocr_line' id='line_1_36' title="bbox 335 4143 2578 4229; baseline -0.002 -18"><span class='ocrx_word' id='word_1_241' title='bbox 335 4149 713 4211; x_wconf 85' lang='lat' dir='ltr'>materiam</span> <span class='ocrx_word' id='word_1_242' title='bbox 751 4153 1109 4211; x_wconf 88' lang='lat' dir='ltr'>annotare</span> <span class='ocrx_word' id='word_1_243' title='bbox 1167 4151 1475 4229; x_wconf 86' lang='lat' dir='ltr'>oportet.</span> <span class='ocrx_word' id='word_1_244' title='bbox 1539 4149 1649 4211; x_wconf 82' lang='lat' dir='ltr'>Ex</span> <span class='ocrx_word' id='word_1_245' title='bbox 1708 4143 2336 4225; x_wconf 80' lang='lat' dir='ltr'>ProtestantismO,</span> <span class='ocrx_word' id='word_1_246' title='bbox 2400 4147 2578 4207; x_wconf 90' lang='lat' dir='ltr'>tam-</span> 
     </span>
     <span class='ocr_line' id='line_1_37' title="bbox 339 4251 2582 4339; baseline -0.002 -20"><span class='ocrx_word' id='word_1_247' title='bbox 339 4273 553 4337; x_wconf 88' lang='lat' dir='ltr'>quam</span> <span class='ocrx_word' id='word_1_248' title='bbox 591 4255 995 4339; x_wconf 86' lang='lat' dir='ltr'>depravato</span> <span class='ocrx_word' id='word_1_249' title='bbox 1033 4255 1233 4319; x_wconf 85' lang='lat' dir='ltr'>fonte</span> <span class='ocrx_word' id='word_1_250' title='bbox 1269 4259 1339 4319; x_wconf 92' lang='lat' dir='ltr'>et</span> <span class='ocrx_word' id='word_1_251' title='bbox 1393 4255 1657 4321; x_wconf 87' lang='lat' dir='ltr'>vitiata</span> <span class='ocrx_word' id='word_1_252' title='bbox 1714 4253 2158 4335; x_wconf 88' lang='lat' dir='ltr'>scaturigine</span> <span class='ocrx_word' id='word_1_253' title='bbox 2218 4251 2582 4315; x_wconf 80' lang='lat' dir='ltr'>fluxerunt</span> 
     </span>
    </p>
   </div>
   <div class='ocr_carea' id='block_1_3' title="bbox 3245 0 3252 869">
    <p class='ocr_par' dir='ltr' id='par_1_5' title="bbox 3245 0 3252 869">
     <span class='ocr_line' id='line_1_38' title="bbox 3245 0 3252 869; baseline 0 0"><span class='ocrx_word' id='word_1_254' title='bbox 3245 0 3252 869; x_wconf 95' lang='lat' dir='ltr'> </span> 
     </span>
    </p>
   </div>
  </div>
 </body>
</html>
