3332 5100
1348 316 1662 376 ...49-

379 466 625 550 gratia
661 462 1174 549 compescendi
1230 479 1449 527 ausus
1482 464 1556 526 et
1589 460 1892 527 insidias
1923 458 2632 527 haereticorum‘dis-

372 573 766 657 jiciendas,
801 576 1005 637 sarta
1038 574 1379 652 tectaque
1416 569 1858 651 servabitur,
1925 569 2100 634 licet
2131 570 2287 634 sine
2323 570 2479 652 ejus
2514 569 2634 635 ob·

380 680 765 747 servantia
799 683 1005 745 recta
1037 678 1204 743 fidei
1241 677 1599 760 professio
1664 676 1920 741 haberi
1977 677 2230 759 possit,
2270 675 2634 759 duplicem

379 788 774 853 formulam
807 786 1245 855 catholicam
1278 802 1496 849 sensu
1532 782 1988 849 traditionali
2023 787 2095 847 et
2129 784 2636 849 ecclesiastica

382 894 921 978 approbatione
948 895 1453 959 consecratam
1480 893 1947 976 adducemus,
1977 892 2361 959 nicaenam
2389 910 2631 975 unam,

379 1001 855 1066 tridentinam
898 1001 1231 1065 alteram.

591 1106 993 1173 Concilium
1048 1106 1449 1172 Nicaenum
1503 1106 1580 1171 in
1628 1104 1971 1188 Symbolo
2005 1106 2175 1171 fidei
2207 1124 2340 1191 pro
2376 1106 2634 1173 divini-

380 1216 539 1279 tate
574 1213 798 1281 Verbi
832 1219 1090 1279 contra
1146 1214 1459 1280 Arianos
1527 1215 1940 1281 definienda
1985 1232 2242 1281 vocem
2289 1234 2636 1299 graecam

386 1324 657 1413 ὁμοὺσιος
676 1310 1021 1389 homusios
1046 1322 1744 1407 (consubstantialis)
1766 1323 2171 1405 usurpavit,
2195 1326 2273 1387 ut
2296 1324 2399 1387 ita
2427 1340 2636 1406 prae-

383 1432 541 1496 cise
605 1438 823 1513 atque
882 1429 1223 1494 distincte
1264 1429 1803 1511 significaretur
1865 1430 2104 1495 unitas
2163 1432 2237 1495 et
2291 1429 2636 1495 identitas

390 1542 707 1603 naturae
743 1538 912 1601 Filii
946 1554 1106 1600 cum
1140 1536 1361 1600 Patre
1410 1538 1483 1601 et
1529 1535 1795 1601 Sancto
1838 1534 2135 1619 Spiritu;
2196 1541 2269 1602 et
2305 1538 2636 1620 quamvis

378 1644 570 1711 nihil
606 1662 751 1709 non
783 1643 1017 1708 moliti
1051 1647 1218 1707 sunt
1251 1644 1628 1707 vaferrimi
1661 1641 1818 1706 Arii
1859 1643 2188 1707 asseclae
2224 1646 2304 1709 ut
2332 1642 2639 1708 verbum

382 1750 653 1841 ὁμοῦσιος
672 1752 1015 1817 homa-sios
1032 1750 1394 1817 vocabulo
1420 1748 1732 1837 ὁμοιοὺσιος
1757 1751 2168 1817 homoiusios
2187 1748 2638 1835 (consimilis)

380 1861 878 1940 sufficeretur,
941 1857 1347 1941 captiosam
1378 1858 1766 1922 formulam
1798 1858 2228 1924 sirmiensem
2275 1858 2636 1940 configen-

380 1974 525 2050 teS,
562 1969 679 2033 cui
714 1984 941 2049 opera
978 1970 1051 2029 et
1085 1966 1250 2030 dolo
1286 1966 1564 2031 Ursatii
1618 1970 1692 2031 et
1724 1965 2056 2031 Valentis
2088 1964 2344 2030 Patres
2379 1964 2635 2031 Arimi-

382 2094 651 2142 nenses
685 2075 977 2140 incaute
1010 2074 1622 2156 subscripserunt3
1662 2076 1989 2137 attamen
2025 2072 2361 2139 Ecclesia
2392 2072 2635 2138 catho-

380 2184 534 2248 lica
556 2184 887 2247 arianam
911 2182 1355 2264 pravitatem
1385 2182 1477 2245 ab
1504 2181 1709 2245 initio
1732 2180 2080 2277 detegens
2104 2180 2640 2245 haereticorum

382 2290 761 2354 fallaciam
794 2290 1078 2372 rejecit,
1115 2290 1528 2354 eorumdem
1587 2289 2152 2354 reclamationes
2204 2292 2637 2371 aspernatus

388 2403 527 2471 est²
567 2390 1167 2479 constantemque
1204 2397 1373 2463 fidei
1409 2396 1939 2479 professionem
1973 2414 2262 2479 semper
2310 2396 2634 2477 retinuit,

392 2510 467 2570 et
506 2524 731 2590 usque
765 2505 1149 2572 hodiedum
1203 2509 1354 2571 toto
1413 2506 1589 2570 orbe
1622 2510 1986 2570 terrarum
2039 2504 2113 2569 in
2151 2504 2633 2571 sacrosancto

386 2614 655 2678 Missae
682 2615 1050 2679 Sacrificio
1076 2614 1364 2678 canitur
1388 2614 1510 2679 vel
1537 2615 1890 2678 recitatur
1917 2613 1978 2678 N
1984 2614 2315 2677 icaenum
2343 2612 2638 2696 Symbo-

384 2722 540 2785 lum
575 2738 735 2786 cum
773 2723 1123 2805 explicita
1160 2722 1657 2786 declaratione
1714 2720 2379 2788 Consubstantialem
2405 2721 2634 2786 Patri.

570 2829 996 2893 Tridentino.
1054 2828 1384 2912 Synodus
1420 2827 1712 2893 modum
1768 2828 2122 2893 adversus
2179 2827 2638 2893 Lutheranos

386 2937 741 3002 definiens
775 2938 895 3022 (l),
935 2957 1076 3021 quo
1136 2936 1461 3003 Christus
1519 2936 1564 3001 J
1569 2955 1734 3002 esus
1767 2938 1848 3001 fit
1902 2954 2254 3019 praesens
2303 2937 2380 3000 in
2413 2934 2639 3001 Sacra

386 3043 877 3126 Eucharistia‚
939 3046 1495 3111 conversionem
1550 3045 1774 3108 totius
1833 3045 2286 3109 substantiae
2318 3044 2529 3126 panis
2563 3044 2639 3108 in

386 3152 875 3216 substantiam
932 3150 1275 3234 Corporis
1336 3151 1604 3217 Christi
1658 3152 1952 3217 Domini
2016 3153 2270 3234 nostri,
2312 3157 2386 3217 et
2419 3152 2639 3216 totius

388 3259 845 3325 substantiae
882 3259 1037 3325 vini
1080 3259 1157 3324 in
1222 3259 1702 3324 substantiam
1761 3260 2134 3342 sanguinis
2193 3260 2372 3340 eJus,
2427 3260 2643 3341 Juxta

391 3367 845 3449 aptissimam
916 3372 990 3432 et
1054 3367 1397 3431 usitatam
1457 3367 1836 3432 Ecclesiae
1899 3368 2306 3432 catholicae
2376 3367 2638 3431 formu-

390 3474 564 3556 lam,
584 3475 1427 3541 transsubstantiationem
1452 3474 1977 3538 convenienter
2003 3479 2075 3538 et
2101 3474 2395 3557 proprie
2421 3490 2640 3555 appe-

390 3583 631 3665 llavit,
669 3584 945 3654 frustra
980 3587 1201 3666 atque
1264 3584 1472 3647 irrito
1530 3586 1797 3647 conatu
1851 3582 2152 3647 Lutheri
2208 3581 2640 3664 sequacibus

388 3685 987 3772 reclamantibuS,
1018 3695 1120 3773 ut,
1158 3691 1235 3756 in
1267 3689 1704 3773 exponenda
1729 3690 2014 3754 ratione
2041 3707 2184 3772 qua
2212 3687 2538 3754 Christus
2563 3687 2642 3751 fit

390 3814 742 3879 praesens
771 3815 858 3862 ac
890 3804 1135 3862 manet
1160 3797 1738 3876 inEucharistia,
1771 3801 2244 3880 usurparetur
2261 3797 2642 3881 voximpa-

390 3906 606 3987 natio,
641 3906 1258 3971 consubstantiatio
1290 3906 1413 3972 vel
1474 3915 1972 3988 quaecumque
2005 3905 2152 3968 alia
2209 3903 2641 3969 lutheranae

394 4011 803 4076 sententiae
839 4028 1187 4094 consona,
1257 4017 1329 4076 et
1391 4011 1655 4094 dogma
1714 4011 2151 4078 catholicum
2215 4010 2636 4076 excludens,

536 4261 613 4326 (1)
690 4257 839 4313 Sese.
864 4255 1044 4328 XIII,
1070 4274 1188 4328 cap.
1214 4255 1323 4314 IV.
