3332 5100
1660 352 2081 412 -210-·

742 500 1237 580 canonicatuS‚
1275 500 1736 580 personatus,
1793 496 2057 580 officia,
2116 497 2597 579 praebendas,
2657 501 2984 561 caetera-

744 625 880 687 que
916 604 1268 669 beneficia
1300 604 1581 684 majora
1614 604 1737 668 vel
1796 603 2102 685 minora,
2155 605 2481 686 exceptis
2531 605 2617 667 52
2671 605 2986 669 Sanctae

742 715 906 777 Sedi
940 712 1361 793 reservatis3
1391 711 1676 775 sancita
1711 714 1822 774 est
1854 711 2095 793 quoad
2129 712 2587 792 praebendas
2633 714 2984 778 officiales

744 839 870 883 seu
908 821 986 883 de
1022 819 1245 905 officio
1275 817 1692 899 appellatas
1727 824 1800 881 et
1847 818 2201 882 beneficia
2239 824 2495 882 curata
2553 822 2878 900 provisio
2914 822 2988 884 in

744 929 1411 1008 for1naconcursus;
1455 925 1732 989 abolita
1767 930 1877 989 est
1940 925 2255 990 facultas
2311 928 2697 1008 pensiones
2766 928 2988 1008 impo-

744 1035 986 1115 nendi,
1026 1049 1115 1097 ne
1163 1032 1452 1116 quidem
1506 1032 1727 1097 etiam
1781 1031 1867 1096 52
1922 1032 2291 1098 beneficiis
2359 1034 2691 1096 Pontifici
2756 1052 2988 1098 reser-

746 1143 960 1221 vatis3
1028 1140 1264 1223 spolia
1336 1121 1874 1222 'Episcoporum
1939 1141 2011 1204 et
2075 1141 2351 1205 fructus
2409 1142 2830 1206 vacantium
2898 1142 2990 1204 ad

746 1249 1219 1313 necessitates
1273 1247 1650 1312 Ecclesiae
1714 1247 2157 1331 Hispanicae
2223 1250 2760 1314 subveniendas
2824 1250 2988 1312 reli-

748 1374 1070 1437 quosque
1100 1354 1261 1437 pios
1295 1372 1465 1419 usus
1518 1373 1562 1418 a
1594 1353 1839 1420 Sacris
1877 1353 2290 1420 Canonibus
2339 1358 2839 1438 praescriptos
2890 1358 2984 1420 di·

748 1469 914 1525 cata
950 1467 1137 1527 sunt.

932 1569 1455 1637 ConsummatiO.
1548 1569 1980 1634 Absolutum
2043 1570 2179 1635 fuit
2212 1571 2483 1635 Romae
2543 1571 2657 1635 die
2727 1573 2807 1635 11
2872 1573 2992 1635 Ja-

748 1679 982 1741 nuarii
1020 1678 1188 1741 anni
1232 1676 1427 1754 1753,
1466 1678 2086 1742 subscribentibus
2122 1697 2284 1744 eum
2347 1679 2637 1743 nomine
2699 1681 2992 1745 Pontifi-

750 1786 850 1847 cis
890 1782 1259 1847 Cardinali
1287 1783 1578 1846 Valenti
1611 1782 2022 1848 Secretario
2057 1782 2324 1864 StatuS,
2365 1787 2437 1847 et
2473 1783 2779 1847 Domino
2833 1785 2994 1847 Em-

748 1891 1040 1955 manuel
1080 1890 1406 1955 Ventura
1438 1889 1827 1974 Figueroa,
1867 1890 2138 1955 Sacrae
2173 1892 2403 1955 Rotae
2447 1891 2795 1955 Auditore
2861 1911 2994 1973 pro

754 1997 1038 2061 Corona
1091 1996 1534 2080 Aragoniae,
1599 1998 1705 2062 uti
1759 1998 2004 2079 legato
2070 1997 2292 2080 plena
2352 1998 2567 2079 Regis
2635 1997 2998 2063 Catholici

750 2105 1100 2169 facultate
1131 2103 1511 2166 instructo.
1630 2173 1640 2179 ,

934 2211 1081 2274 183.
1180 2206 1714 2275 concordatum
1775 2210 1970 2274 1851.
2043 2210 2290 2277 Causa.
2357 2211 2613 2276 Statim
2681 2231 2767 2277 ac
2825 2213 2990 2277 Fer-

752 2317 1107 2381 dinandus
1146 2316 1283 2381 VII
1318 2334 1736 2399 supremum
1763 2317 1951 2382 diem
1988 2317 2188 2400 obiit,
2227 2318 2383 2400 ejus
2416 2321 2567 2383 filia
2625 2319 3004 2383 Elisabeth

754 2429 826 2487 et
858 2425 1096 2489 infans
1133 2423 1436 2489 Carolus
1476 2424 1563 2489 de
1590 2426 1756 2508 jure
1789 2425 1883 2489 ad
1935 2425 2268 2489 thronum
2327 2427 2448 2490 vel
2503 2429 2781 2507 regiam
2847 2427 3000 2509 dig-

752 2536 1054 2598 nitatem
1087 2552 1351 2617 magno
1379 2536 1584 2598 aestu
1609 2534 1804 2598 inter
1849 2550 1927 2598 se
1961 2532 2513 2613 contenderunt3
2557 2535 2685 2597 illa
2747 2535 3002 2597 codice

752 2642 1193 2706 Partitarum
1229 2641 1500 2723 innixa,
1524 2640 1642 2704 hic
1661 2641 1826 2723 lege
1853 2639 2095 2706 Salica
2114 2641 2451 2706 munitus.
2487 2641 2629 2703 Sed
2663 2659 2823 2704 cum
2853 2659 3004 2705 non

754 2752 984 2814 solum
1022 2750 1214 2833 apud
1245 2750 1701 2832 Hispaniam,
1750 2767 2004 2814 verum
2051 2749 2269 2814 etiam
2323 2767 2455 2832 per
2495 2753 2721 2813 totam
2777 2749 3002 2811 Euro-

756 2878 920 2940 pam
958 2858 1331 2940 opiniones
1362 2858 1651 2940 penitus
1695 2856 2127 2922 dissiderent
2193 2858 2268 2921 in
2325 2858 2461 2921 hac
2521 2859 3005 2921 celeberrima

758 2966 844 3026 de
898 2962 1351 3044 legitimitate
1417 2963 1509 3026 ad
1566 2960 1897 3027 Coronae
1953 2963 2485 3026 successionem
2543 2965 3000 3045 quaestione,

754 3076 826 3132 et
858 3068 1438 3133 conciliationem
1467 3068 1581 3135 vel
1610 3069 1992 3158 pacificam
2040 3069 2354 3151 partium
2406 3071 3006 3135 contendentium

756 3177 1310 3258 intelligentiam
1345 3180 1630 3240 tentare
1699 3176 1952 3240 inutile
2013 3195 2310 3259 prorsus
2366 3177 2761 3260 videretur,
2821 3179 3008 3242 hora

760 3286 1091 3366 equidem
1123 3285 1443 3348 infausta
1499 3284 1871 3348 decretum
1923 3290 2033 3348 est
2095 3285 2296 3349 litem
2352 3286 2571 3349 armis
2633 3286 3000 3350 dirimere.

758 3392 958 3456 Bello
992 3391 1188 3456 civili
1213 3391 1484 3455 indicto
1518 3409 1679 3455 cum
1709 3392 2037 3456 omnibus
2069 3394 2567 3474 consectariisy
2601 3412 2787 3474 quae
2811 3394 3006 3458 hanc

758 3502 1159 3564 luctuosam
1193 3517 1434 3563 rerum
1467 3499 1952 3564 conditionem
2011 3499 2344 3563 comitari
2401 3502 2663 3602 solent,
2727 3504 3006 3564 exerci-

760 3610 936 3672 tium
992 3607 1195 3689 Regii
1250 3607 1688 3671 Patronatus
1746 3608 1902 3672 fere
1958 3606 2367 3691 imposibile
2433 3610 2693 3688 evasit;
2759 3628 3010 3690 quam-

760 3718 1006 3780 obrem
1026 3716 1387 3779 Romanus
1406 3714 1745 3779 Pontifex
1775 3713 2169 3797 Gregorius
2196 3713 2368 3778 XVI
2397 3720 3006 3798 consentaneum,

760 3826 900 3890 imo
960 3823 1453 3888 necessarium
1511 3823 1908 3887 arbitratus
1974 3828 2084 3887 est
2130 3822 2577 3905 suspendere
2631 3824 3016 3888 Bullarum

762 3931 1298 4012 expeditionem
1365 3932 1437 3994 et
1502 3931 2125 3995 confirmationem
2189 3930 2557 4012 denegare
2623 3930 3017 4014 Episcopis

762 4042 852 4104 ab
884 4048 1188 4121 utraque
1224 4043 1433 4121 parte
1468 4038 1890 4121 propositis,

938 4146 1306 4226 Ejusmodi
1339 4145 1609 4211 Summi
1640 4146 2010 4210 Pontificis
2047 4144 2685 4228 prudentissimam
2739 4146 3018 4226 agendi

762 4254 1120 4318 rationem
1173 4252 1356 4317 adeo
1414 4253 1633 4334 aegre
1698 4252 1863 4317 tulit
1918 4253 2240 4336 Reginae
2294 4251 2671 4316 Elisabeth
2729 4250 3018 4318 Guber-
