3332 5100
1254 360 1604 420 -253-

328 508 510 582 dicis
544 504 932 572 Isidoriani
986 504 1374 584 habentur,
1438 520 1584 568 non
1642 506 2019 584 memorat3
2077 502 2179 568 3.·
2237 502 2565 568 Summus

328 616 668 680 Pontifex
698 612 1044 678 Nicolaus
1078 612 1110 674 I
1140 612 1713 692 appellationem
1775 610 2139 693 recipiens
2195 610 2569 674 Hincmari

330 730 548 806 atque
574 720 938 800 Rothaldi,
968 720 1090 800 qui
1126 738 1168 782 a
1206 718 1496 800 Synodo
1534 718 1977 799 provinciali
2009 718 2105 782 ad
2137 718 2371 800 ipsum
2407 736 2565 800 pro-

328 832 808 908 vocaverant,
870 826 1362 908 respondebat
1426 826 1518 888 ad
1572 824 2043 888 Hincmarum
2095 824 2569 888 Rhemensem

332 936 638 1002 Concilii
668 934 1078 1018 praesidem
1108 938 1180 998 et
1208 934 1298 996 ad
1326 934 1727 1014 Episcopos
1765 932 2049 998 Galliae
2109 946 2369 996 causas
2429 950 2569 994 om-

330 1044 532 1108 nium
570 1044 1072 1124 episcoporum
1110 1058 1268 1102 esse
1304 1042 1643 1122 majores,
1677 1044 1747 1104 et
1795 1058 1939 1106 non
1975 1040 2253 1102 tantum
2311 1042 2569 1102 metro-

330 1152 750 1234 politarum,
790 1154 868 1212 ut
902 1148 1390 1212 contendebat
1424 1148 1883 1228 Hincmarus3
1943 1152 2159 1230 atque
2215 1148 2333 1228 jus
2397 1164 2569 1228 pon-

329 1260 634 1324 tificium
666 1276 790 1322 eas
814 1256 1190 1340 judicandi
1212 1274 1358 1318 non
1426 1272 1518 1318 ex
1582 1256 2093 1320 Decretalibus
2157 1254 2417 1318 Isidori
2463 1272 2567 1318 re-

326 1370 540 1450 petit,
572 1366 699 1430 sed
726 1384 818 1430 ex
848 1366 1010 1446 ipsa
1036 1368 1298 1428 natura
1332 1364 1685 1444 primatus
1719 1362 2093 1444 pontificii.

512 1474 666 1538 224.
764 1474 924 1538 Non
978 1472 1212 1534 minus
1270 1470 1612 1534 falsitatis
1681 1474 2083 1552 arguuntur
2147 1470 2190 1534 J
2195 1468 2577 1534 anseniani

330 1584 754 1666 caeterique
786 1580 1160 1646 Ecclesiae
1196 1580 1566 1643 Romanae
1618 1578 1997 1644 vaferrimi
2021 1580 2263 1642 hostes
2297 1596 2575 1642 summa

326 1692 604 1774 injuria
638 1692 1088 1754 blaterantes
1126 1688 1548 1758 Decretales
1582 1686 2043 1750 Isidorianas-
2069 1686 2575 1750 auctoritatem

332 1798 788 1882 pontificiam
826 1814 1052 1876 usque
1106 1796 1198 1858 ad
1224 1814 1576 1858 summum
1622 1794 1969 1858 extulisse
2023 1792 2573 1874 Episcoporum-

328 1926 472 1990 que
534 1906 804 1968 Romae
866 1906 1306 1986 potestatem
1370 1902 1582 1966 novis
1642 1904 1927 1982 juribus
1993 1908 2211 1984 atque
2267 1900 2575 1970 insolitis

332 1996 884 2096 praerogativis
948 2012 1430 2092 Metropolitis
1510 2012 1823 2094 arreptis
1889 2012 2321 2078 cumulasse:
2389 2010 2579 2072 inter

328 2120 778 2200 multiplices
814 2118 1138 2182 rationes
1176 2136 1362 2200 quae
1418 2120 1624 2184 nobis
1660 2124 2057 2202 suppetunt
2091 2138 2221 2202 pro
2265 2118 2401 2182 hac
2437 2122 2577 2180 stu-

328 2228 508 2312 pida
544 2228 1014 2304 accusatione
1048 2226 1500 2310 disjicienda‚
1532 2228 1683 2314 levi
1737 2228 2223 2292 insinuatione
2259 2224 2581 2288 contenti

330 2336 626 2400 erimus:
668 2334 770 2400 1.⁰
806 2334 1088 2398 Primus
1122 2334 1484 2416 Pontifex,
1518 2336 1640 2416 qui
1671 2318 2137 2398 monffmenta
2171 2334 2579 2398 Isidoriana

328 2442 664 2527 protulit,
702 2442 836 2506 fuit
872 2442 1214 2506 Nicolaus
1250 2442 1320 2504 II
1356 2444 1488 2506 sub
1524 2442 1737 2506 finem
1801 2444 2077 2506 saeculi
2109 2442 2239 2522 XI,
2279 2442 2415 2504 hoc
2451 2444 2577 2520 est,

254 2555 262 2563 '
328 2553 613 2615 duobus
682 2553 998 2615 saeculis
1062 2553 1456 2615 transactis
1516 2556 1901 2633 postquam
1961 2553 2155 2615 edita
2213 2557 2283 2613 et
2317 2551 2581 2631 ubique

328 2665 634 2741 recepta
672 2661 914 2723 fuerat
948 2661 1308 2739 collecti03
1348 2659 1410 2723 si
1466 2659 1771 2723 Romani
1817 2659 2203 2723 Pontifices
2239 2659 2581 2723 intendis-

330 2771 498 2831 sent
530 2785 736 2829 suam
766 2767 1278 2831 auctoritatem
1302 2783 1574 2847 augere
1596 2771 1669 2827 et
1699 2767 2081 2847 ampliare,
2105 2767 2227 2829 vel
2259 2765 2395 2828 sibi
2423 2783 2579 2845 per-

330 2893 632 2939 suasum
668 2877 980 2939 essetab
1020 2875 1372 2955 ejusmodi
1406 2875 1921 2955 compilatione
1969 2875 2137 2955 Jura
2173 2879 2391 2955 atque
2441 2873 2579 2955 pri-

330 2981 612 3061 vilegia
668 2979 872 3045 Sedis
938 2981 1408 3063 Apostolicae
1474 2981 1699 3045 fuisse
1755 2981 2177 3063 repetenda,
2251 2979 2584 3061 equidem

332 3089 538 3151 illam
576 3089 958 3151 confestim
992 3089 1508 3171 suscepissent,
1550 3093 1620 3153 et
1687 3089 2049 3152 adducere
2115 3089 2585 3151 festinassent

334 3195 774 3259 documenta
798 3197 952 3275 jam
988 3197 1388 3261 universim
1426 3197 1719 3277 cognita
1769 3203 1839 3259 et
1875 3197 2219 3277 propriae
2261 3195 2583 3275 ipsorum

334 3320 606 3367 causae
642 3303 858 3365 valde
892 3304 1236 3385 propitia3
1286 3303 1392 3367 2.0
1422 3309 1592 3367 ante
1620 3305 1989 3367 saeculum
2017 3303 2121 3367 XI
2149 3321 2287 3383 quo
2317 3302 2585 3365 Romae

336 3411 460 3475 vel
496 3409 784 3491 agnitus
824 3411 946 3475 vel
976 3415 1322 3493 acceptus
1358 3413 1496 3475 fuit
1524 3409 1771 3475 Codex
1805 3411 2275 3493 Isidorianus‚
2315 3413 2389 3475 et
2415 3415 2585 3473 ante

336 3517 446 3581 IX
484 3517 884 3597 saeculum,
924 3535 1062 3599 quo
1098 3521 1452 3601 tempore,
1494 3523 1570 3581 ut
1604 3521 1859 3601 fertur,
1913 3539 2093 3601 opus
2131 3521 2585 3583 elaboratum

338 3631 474 3707 est,
506 3625 914 3689 luculenter
948 3629 1259 3707 apparet
1320 3645 1412 3689 ex
1460 3627 1943 3689 monumentis
2001 3627 2219 3689 totius
2279 3625 2583 3705 antiqui-

338 3733 512 3795 tatis
574 3731 1020 3795 christianae
1076 3723 1402 3795 Sumnms
1454 3733 1857 3797 Pontifices
1909 3733 2077 3813 jura
2137 3733 2577 3815 exercuisse,

338 3857 526 3921 quae
560 3839 965 3903 Febronius
1002 3845 1072 3901 et
1098 3841 1140 3911 J
1148 3841 1528 3903 anseniani
1590 3841 1777 3903 falso
1819 3843 1891 3903 et
1955 3841 2301 3921 injuriose
2337 3841 2583 3925 adven-

338 3949 498 4013 titia
534 3947 656 4025 vel
682 3949 1146 4013 accidentalia
1178 3951 1626 4029 nuncupant,
1691 3953 1941 4029 utpote
2003 3968 2045 4011 a
2077 3949 2281 4011 falsis
2317 3947 2583 4013 Decre—

340 4055 608 4117 talihus
646 4053 1008 4135 derivata3
1050 4057 1524 4119 conferantur
1556 4057 1630 4119 in
1669 4055 2337 4137 comprobationem
2373 4057 2583 4137 hujus

340 4163 674 4225 veritatis
712 4163 940 4225 verba
972 4165 1340 4227 Pontificis
1376 4165 1552 4229 Julii
1584 4165 1616 4227 I
1669 4165 1761 4227 ad
1791 4165 2193 4245 Episcopos
2255 4163 2581 4231 Orienta-

340 4271 470 4333 lcs:
542 4269 654 4333 An
716 4269 1056 4353 iquoratis
1112 4269 1288 4337 hanc
1352 4293 1492 4335 esse
1528 4273 2107 4355 consuetudinem,
2175 4283 2249 4339 ut
2269 4275 2585 4359 primam,
