3332 5100
1299 362 1653 424 —325—

358 512 491 565 tem
520 505 589 565 in
618 506 921 566 homines
943 522 1031 565 ex
1054 514 1346 581 augusta
1378 513 1609 567 nostra
1636 506 1992 583 religione,
2023 508 2309 583 ejusque
2344 507 2591 567 doctri-

359 603 447 646 na
476 594 543 645 et
573 587 902 646 exercitio
931 587 1338 661 redundare,
1371 604 1455 646 ac
1484 588 1760 647 beatum
1821 603 1970 648 esse
2008 589 2348 663 populum,
2402 589 2596 663 cujus

358 666 682 726 Dominus
704 667 884 726 Deus
913 669 1060 742 ejus
1093 667 1209 745 (1).
1243 667 1497 727 Docete
1531 668 1946 727 “catholicae
1969 668 2129 726 fidei
2154 669 2596 728 fundamento

359 762 574 823 regna
599 748 965 807 subsistere
1000 748 1117 826 (2),
1152 754 1219 806 et
1241 748 1409 805 nihil
1432 754 1571 807 tam
1600 748 2045 821 mortiferum,
2077 755 2216 808 tam
2269 764 2597 824 praeceps

362 828 450 886 ad
480 844 732 901 casum,
787 836 925 887 tam
966 829 1349 903 expositum
1385 828 1472 886 ad
1509 827 1732 888 omnia
1755 829 2082 902 pericula,
2118 828 2170 887 si
2215 830 2340 887 hoc
2385 830 2600 889 solum

361 908 554 967 nobis
588 914 903 983 putantes
932 924 1126 982 posse
1157 908 1492 981 sufficere,
1526 910 1707 982 quod
1729 909 2016 968 liberum
2033 908 2408 983 arbitrium,
2444 924 2598 969 cum

360 1004 816 1062 nasceremur,
852 988 1260 1062 accepimus,
1294 990 1475 1048 ultra
1517 990 1657 1062 Jam
1721 992 1760 1047 a
1785 981 2065 1048 Domino
2114 989 2284 1048 nihil
2315 1004 2601 1064 quaera-

362 1084 532 1143 mus,
556 1069 626 1127 id
651 1075 773 1141 est,
802 1069 1098 1128 auctoris
1121 1070 1333 1128 nostri
1364 1069 1578 1142 obliti,
1608 1070 1756 1144 ejus
1781 1070 2151 1145 potentiam
2206 1077 2281 1129 ut
2332 1084 2454 1129 nos
2500 1062 2600 1129 os·

364 1149 719 1209 tendamus
752 1149 1024 1221 liberos,
1052 1149 1444 1225 abjuremus
1477 1149 1591 1228 (3).
1628 1150 1852 1223 Atque
1898 1151 2105 1209 etiam
2145 1166 2232 1209 ne
2277 1149 2602 1209 omittatis

365 1229 610 1288 docere
640 1229 899 1303 regiam
930 1236 1331 1303 potestatem
1360 1246 1494 1288 non
1516 1231 1605 1289 ad
1626 1231 1842 1291 solum
1872 1230 2105 1290 mundi
2127 1230 2455 1305 regimen,
2481 1229 2602 1289 sed

364 1308 658 1368 maxime
688 1310 775 1369 ad
797 1308 1181 1369 Ecclessiae
1231 1309 1643 1384 praesidium
1673 1327 1820 1370 esse
1845 1312 2163 1370 collatam
2187 1310 2303 1406 (4),
2338 1317 2407 1371 et
2429 1308 2602 1372 nihil

366 1405 515 1449 esse
544 1390 723 1465 quod
758 1389 1112 1449 civitatum
1137 1390 1578 1465 principibus,
1614 1396 1684 1450 et
1723 1391 2004 1465 regibus
2030 1392 2274 1464 majorl
2323 1390 2600 1464 fructui,

365 1468 760 1544 gloriaeque
774 1486 920 1529 esse
938 1471 1168 1545 possit,
1190 1486 1389 1545 quam
1409 1471 1487 1545 si,
1520 1479 1595 1530 ut
1610 1472 2147 1546 sapientissimus
2170 1471 2604 1531 fortissimus·

366 1566 495 1624 que
520 1550 693 1608 alter
717 1551 1199 1624 praedecessor
1229 1557 1479 1623 noster,
1535 1550 1601 1611 S.
1635 1551 1855 1625 Felix,
1892 1551 2144 1612 Zenoni
2201 1550 2604 1631 Imperatori

364 1630 855 1705 perscribebat,
912 1631 1290 1691 Ecclesiam
1344 1632 1850 1691 catholicam....
1911 1633 2140 1692 sinant
2195 1633 2294 1691 uti
2337 1632 2606 1707 legibus

364 1711 523 1786 suis,
552 1727 678 1770 nec
706 1712 1009 1771 libertati
1040 1713 1185 1785 ejus
1240 1728 1643 1786 quemquam
1697 1714 2091 1788 permittant
2135 1712 2602 1773 obsisterem:
2645 1711 2664 1731 ‘

364 1788 637 1850 Certum
668 1798 771 1851 est
795 1791 996 1865 enim,
1030 1793 1156 1850 hoc
1179 1793 1384 1851 rebus
1432 1793 1570 1851 suis
1601 1809 1752 1851 esse
1782 1794 2101 1866 salutare,
2164 1800 2261 1867 ut,
2317 1808 2472 1853 cum
2521 1793 2605 1852 de

363 1872 588 1931 causis
617 1872 743 1931 Dei
772 1880 1039 1946 agatur,
1067 1873 1270 1943 juxta
1299 1873 1509 1947 ipsius
1538 1874 1979 1932 constitutum
2006 1873 2273 1949 regiam
2289 1874 2601 1933 volunta·

364 1958 501 2011 tem
556 1952 1023 2012 sacerdotibus
1073 1951 1321 2012 Christi
1378 1953 1696 2013 studeant
1748 1954 2062 2029 subdere,
2125 1969 2260 2013 non
2311 1953 2607 2030 praeffe·

365 2037 538 2091 rre.“
572 2032 639 2111 (5

529 2033 665 2172 Sed)
692 2112 749 2171 si
781 2128 1064 2188 semper,
1094 2111 1539 2172 Venerabiles
1563 2112 1864 2187 Fratres,
1885 2130 2069 2173 nunc
2092 2114 2514 2189 potissimum
2538 2112 2610 2172 in

367 2193 576 2252 tantis
606 2193 977 2267 Ecclesiae,
1012 2193 1370 2267 civilisque
1394 2193 1739 2252 societatis
1765 2195 2290 2269 calamitatibus,
2318 2196 2387 2253 in
2412 2200 2606 2254 tanta

370 2273 916 2332 adversariorum
947 2279 1184 2332 contra
1211 2290 1356 2332 rem
1389 2274 1817 2345 catholicam,
1854 2281 1922 2333 et
1949 2276 2124 2334 hanc
2150 2276 2610 2349 Apostolicam

370 2352 614 2413 Sedem
645 2354 1167 2428 conspiratione,
1201 2360 1525 2427 tantaque
1570 2370 1874 2413 errorum
1931 2355 2272 2430 congerie,
2329 2370 2612 2415 necesse

370 2434 637 2493 omnino
672 2441 796 2506 est,
832 2442 904 2493 ut
928 2435 1249 2493 adeamus
1282 2451 1435 2493 cum
1459 2435 1711 2493 fiducia
1736 2435 1824 2493 ad
1846 2436 2160 2493 thronum
2196 2437 2482 2511 gratiae,
2537 2440 2612 2494 ut

369 2513 907 2574 misericordiam
930 2531 1447 2589 consequamur,
1476 2522 1545 2573 et
1568 2515 1860 2589 gratiam
1884 2516 2308 2576 inveniamus
2327 2516 2399 2574 in
2421 2514 2610 2575 auxi-

369 2596 458 2654 lio
491 2603 890 2670 opportuno.
926 2595 1260 2670 Quocirca
1290 2596 1585 2654 omnium
1618 2596 1920 2655 fidelium
1951 2598 2272 2671 pietatem
2303 2597 2610 2656 excitare

373 2675 942 2748 existimavimus,
975 2685 1049 2736 ut
1078 2693 1215 2736 una
1245 2676 1598 2736 nobiscum
1628 2677 1981 2750 vobisque,
2017 2677 2614 2736 clementissimum

368 2757 699 2815 luminum
724 2763 791 2815 et
823 2757 1443 2816 misericordiarum
1466 2756 1739 2815 Patrem
1775 2757 2298 2816 ferventissimis
2327 2755 2618 2816 humilli-

368 2835 630 2910 misque
656 2837 975 2910 precibus
1005 2838 1149 2896 sine
1180 2837 1681 2896 intermissione
1714 2843 1909 2896 orent
1937 2843 2004 2896 et
2035 2838 2416 2910 obsecrent,
2454 2837 2616 2896 etin

369 2916 791 2991 plenitudine
815 2917 974 2976 fidei
1003 2933 1267 2990 semper
1299 2917 1703 2992 confugiant
1753 2918 1841 2975 ad
1889 2918 2246 2977 Dominum
2292 2917 2617 2977 Nostrum

372 2997 603 3057 Jesum
640 2995 998 3070 Christum,
1035 2999 1150 3071 qui
1173 2998 1461 3056 redemit
1490 3013 1611 3056 nos
1636 2997 1777 3056 Deo
1805 2998 1875 3056 in
1900 2998 2231 3073 sanguine
2263 3013 2403 3070 suo,
2444 2998 2616 3071 ejus·

375 3093 504 3150 que
530 3077 992 3137 dulcissimum
1023 3076 1170 3147 Cor,
1204 3078 1733 3154 flagrantissime
1759 3093 1926 3153 erga
1958 3093 2080 3137 nos
2103 3078 2457 3136 charitatis
2480 3076 2620 3136 vic-

375 3158 629 3231 timam,
660 3158 860 3216 enixe
881 3158 1275 3232 jugiterque
1308 3166 1613 3231 exorent,
1650 3165 1724 3216 ut
1755 3159 2003 3217 amoris
2035 3158 2141 3218 sni
2163 3157 2455 3216 vinculis
2487 3172 2619 3217 om·

375 3238 490 3297 nia
522 3239 608 3297 ad
639 3238 931 3313 seipsum
953 3239 1199 3311 trahat,
1229 3246 1437 3312 utque
1463 3254 1694 3298 omnes
1715 3239 2017 3297 homines
2048 3237 2472 3298 sanctissimo
2500 3252 2619 3296 suo

377 3334 603 3378 amore
626 3318 1043 3390 inflammati,
1074 3319 1445 3378 secundum
1476 3317 1603 3378 Cor
1644 3320 1793 3392 ejus
1823 3319 2174 3378 ambulent
2219 3319 2424 3393 digne
2479 3317 2620 3377 Deo

378 3415 498 3474 per
528 3399 750 3458 omnia
776 3399 1144 3474 placentes,
1174 3399 1246 3458 in
1270 3399 1451 3458 omni
1480 3401 1654 3458 bono
1681 3414 1884 3473 opere
1910 3399 2429 3458 fructificantes.
2458 3396 2623 3457 Cum

378 3486 605 3538 autem
654 3480 798 3538 sine
858 3480 1061 3538 dubio
1124 3479 1459 3554 gratiores
1515 3480 1652 3537 sint
1683 3479 1823 3538 Deo
1875 3480 2218 3540 hominum
2247 3494 2508 3555 preceS,
2568 3477 2624 3537 si

382 3559 627 3620 animIs
649 3560 735 3618 ab
760 3560 938 3618 omni
958 3560 1113 3618 labe
1134 3560 1319 3633 puris
1343 3559 1431 3617 ad
1460 3559 1685 3633 ipsum
1709 3560 2065 3633 accedant,
2093 3560 2350 3618 idcirco
2374 3559 2625 3618 coeles·

378 3647 479 3700 tes
528 3639 876 3699 Ecclesiae
935 3640 1286 3698 thesauros
1337 3640 1828 3712 dispensationi
1885 3647 2157 3698 nostrae
2227 3639 2617 3699 commissos

383 3719 947 3780 Christifidelibus
977 3719 1366 3795 Apostolica
1393 3719 1807 3779 liberalitate
1852 3735 2163 3778 reserare
2214 3718 2622 3794 censuimus,

526 3936 609 4073 g?
674 3931 1187 4073 gsggg'essffgpist,
1214 4007 1281 4056 22
1298 4005 1371 4056 ad
1396 4005 1605 4070 Synod.
1637 4003 1848 4072 Ephes.
1871 4004 2019 4072 apud
2047 4004 2260 4070 Con-t„
2285 4021 2340 4072 p.
2371 4005 2523 4058 1200.

530 4081 607 4146 (3)
688 4075 741 4128 S.
794 4075 1083 4130 Innocent.
1127 4075 1197 4142 1.,
1246 4077 1429 4143 Epist.
1470 4079 1539 4130 20
1588 4077 1662 4130 ad
1713 4077 1902 4143 Episc.
1951 4077 2123 4132 Cone.
2175 4076 2438 4144 carthag.
2478 4075 2634 4144 apud

386 4149 611 4208 Con-t..
636 4163 765 4216 pag.
790 4151 911 4202 891.

532 4221 610 4290 (4)
640 4269 645 4274 .
688 4220 741 4272 S.
774 4219 905 4286 Leo,
932 4220 1115 4287 Epist.
1144 4218 1266 4272 156.
1297 4219 1351 4272 al
1380 4220 1501 4271 125.

538 4295 617 4362 (ὅ)
692 4288 831 4344 Pius
852 4291 981 4360 VII,
1007 4291 1189 4359 Epist.
1217 4289 1449 4358 Encycl.
1480 4286 1602 4344 Diu
1624 4287 1779 4359 satis,
1807 4289 1873 4343 15
1907 4289 2046 4360 maji
2069 4287 2226 4346 1800.
