3332 5100
1362 365 1430 375 -
1486 333 1712 392 159-

415 477 825 561 gislationis
862 477 1100 543 civilis
1152 479 1222 539 et
1262 479 1666 541 sententiae
1708 478 2295 561 jurisperitorum
2330 479 2452 562 qui
2487 497 2651 543 auc-

415 587 788 649 toritatem
845 585 1234 665 juridicam
1298 585 1552 647 harum
1618 585 2193 650 declarationum
2249 591 2653 669 agnoscunt

415 699 637 773 atque
671 697 987 771 tuentur;
1050 691 1156 755 4.ss
1190 693 1376 755 ratio
1416 693 1722 773 denique
1754 693 2108 756 naturalis
2143 710 2296 757 rem
2330 699 2653 757 nostram

415 799 717 863 mirifice
755 799 1158 879 confirmat;
1200 799 1488 881 etenim,
1530 819 1690 863 cum
1726 799 1994 863 Sacrae
2031 798 2653 882 Congregationes

417 907 509 969 ob
545 905 997 969 materialem
1026 905 1646 987 imposibilitatem
1672 913 2036 989 nequeant
2064 908 2371 989 vulgare
2407 926 2653 973 omnes

415 1015 1062 1097 interpretationes
1122 1033 1248 1077 seu
1282 1035 1614 1097 responsa
1642 1015 1736 1077 ad
1770 1014 1998 1095 prope
2033 1014 2413 1078 innumera
2440 1014 2657 1079 dubia

419 1127 495 1187 et
553 1123 1148 1201 consultationes,
1222 1141 1408 1203 quae
1448 1141 1540 1185 ex
1600 1125 1746 1185 toto
1808 1123 1982 1185 orbe
2048 1121 2408 1185 catholico
2459 1122 2655 1185 circa

419 1251 675 1297 verum
733 1235 803 1295 et
851 1233 1240 1313 genuinum
1308 1233 1546 1313 legum
1584 1251 1872 1295 sensum
1908 1233 2108 1312 fiunt,
2177 1249 2515 1313 magnum
2549 1249 2655 1295 se·

421 1343 765 1421 queretur
801 1339 1356 1419 incommodum,
1396 1339 1608 1401 immo
1646 1357 1822 1403 vero
1860 1338 2371 1419 gravissimum
2407 1338 2655 1403 absur-

421 1449 613 1527 dum,
645 1447 947 1525 scilicet,
989 1447 1178 1527 quod
1212 1447 1286 1509 in
1322 1447 1430 1507 his
1492 1447 1960 1507 dubitationis
2005 1445 2127 1509 vel
2192 1446 2657 1509 obscuritatis

421 1555 709 1617 casibus
747 1553 925 1617 adeo
955 1553 1514 1617 frecuentisimis
1552 1553 1756 1635 ipsae
1792 1553 1992 1633 leges
2029 1552 2318 1616 minime
2356 1553 2659 1616 obstrin-

419 1665 703 1743 gerent.

603 1767 753 1831 133.
853 1765 1166 1847 Quartus
1222 1770 1294 1829 et
1330 1769 1734 1849 postremus
1772 1767 1814 1829 J
1824 1767 1966 1829 uris
2025 1765 2417 1830 Novissimi
2450 1784 2659 1850 gene-

421 1875 601 1939 ralis
635 1879 705 1939 et
739 1875 993 1955 scripti
1028 1875 1188 1937 fons
1238 1875 1314 1936 in
1372 1875 1666 1955 Regulis
1706 1873 2211 1937 Cancellariae
2271 1875 2657 1957 reperitur,

425 1983 515 2045 de
545 1985 799 2065 quibus
829 2001 1202 2065 perpauca
1236 1983 1638 2065 loquemur.

605 2093 717 2155 Ad
753 2093 1112 2155 tollendos
1150 2093 1438 2173 abusUS,
1482 2093 1602 2175 qui
1668 2093 1758 2153 ab
1796 2090 2228 2154 officialibus
2290 2088 2661 2155 Cancella-
2737 2091 2739 2095 ’

423 2199 581 2263 riae
617 2201 895 2281 patrari
949 2205 1270 2281 possent,
1336 2201 1644 2263 Romani
1700 2199 2087 2263 Pontifices
2143 2198 2250 2262 eis
2315 2198 2667 2281 quasdam

423 2307 1044 2389 praescriptiones
1100 2325 1226 2369 seu
1284 2307 1574 2387 regulas
1628 2307 2031 2371 servandas
2089 2305 2486 2369 tradidere.
2555 2307 2663 2369 Ab

423 2415 631 2477 initio
661 2431 941 2495 paucae
971 2395 1204 2493 erant,
1248 2415 1374 2477 sed
1410 2415 1760 2495 paulatim
1800 2417 2288 2477 excreverunt
2334 2430 2661 2494 numere,

425 2521 659 2586 donec
693 2521 735 2584 J
743 2539 1014 2584 oannes
1050 2521 1262 2584 XXII
1296 2521 1458 2584 illas
1522 2521 1812 2602 scripsit
1870 2527 2085 2602 atque
2148 2520 2536 2602 congessit,
2579 2540 2667 2584 ac

429 2630 715 2694 demum
749 2628 1092 2692 Nicolaus
1128 2630 1188 2690 V
1224 2648 1412 2692 anno
1454 2630 1626 2692 1450
1662 2630 1752 2690 ad
1788 2628 2260 2710 septuaginta
2311 2627 2488 2690 duas
2523 2632 2665 2690 sta-

427 2740 675 2802 biliter
709 2738 1014 2820 redegit.
1042 2738 1443 2800 Versantur
1462 2740 1894 2818 praesertim
1928 2737 2122 2800 circa
2150 2736 2669 2800 beneficiorum

429 2846 919 2926 collationem,
957 2848 1534 2910 reservationem
1572 2850 1642 2908 et
1692 2846 2153 2925 tasationem‚
2193 2846 2667 2908 renuntiatio-

427 2972 603 3018 num
659 2956 729 3014 et
763 2952 1336 3033 appellationum
1370 2952 1904 3032 admissionem,
1954 2952 2266 3032 juraque
2314 2967 2442 3014 seu
2481 2969 2667 3014 emo-

429 3062 755 3124 lumenta
789 3078 919 3140 pro
957 3060 1266 3140 negotiis
1304 3060 1776 3142 expediendis
1816 3063 2278 3140 perceptura.

579 3168 733 3232 Hoc
759 3168 1032 3230 habent
1058 3170 1428 3250 peculiare
1458 3174 1528 3232 et
1556 3170 1928 3250 proprium
1956 3168 2276 3250 Regulae
2299 3164 2669 3232 Cancella·

431 3278 613 3356 riae,
645 3276 1004 3356 nimirum,
1038 3280 1114 3338 ut
1146 3276 1290 3339 sint
1348 3276 1788 3358 temporales
1824 3282 1894 3340 et
1952 3280 2376 3358 perpetuae;
2417 3284 2669 3360 tempo·

431 3384 639 3464 mles,
659 3388 887 3446 morte
909 3384 1096 3446 enim
1128 3384 1644 3466 cujuscumque
1668 3384 2033 3447 Pontificis
2063 3383 2350 3447 omnino
2384 3390 2673 3447 cessant

433 3496 507 3556 et
541 3492 687 3554 vim
723 3508 923 3554 suam
955 3492 1318 3570 amittunt,
1372 3492 1680 3572 ideoque
1726 3490 1900 3554 Sede
1928 3489 2328 3574 Apostolica
2358 3500 2669 3572 vacante,

435 3598 675 3682 quoad
705 3598 1222 3660 beneficiorum
1258 3598 1822 3674 reservatione&
1886 3598 2174 3660 rursum
2201 3598 2453 3677 vigent
2505 3597 2673 3677 jura

435 3706 807 3770 ordinaria
841 3704 1388 3788 Episcoporum,
1452 3706 1590 3768 nisi
1626 3706 1698 3768 in
1764 3704 2236 3768 Concordatis
2282 3703 2480 3767 aliud
2512 3722 2671 3766 san-

437 3816 657 3878 citum
743 3812 859 3894 εἰη
939 3822 1346 3898 perpetuae,
1418 3812 2000 3896 quandoquidem
2055 3828 2303 3875 omnes
2367 3810 2673 3875 Romani

433 3922 821 3986 Pontifices
857 3922 1096 4002 electi,
1158 3922 1368 3984 simul
1404 3940 1490 3984 ac
1526 3925 1992 3999 coronantur,
2061 3923 2503 3982 memoratas
2536 3920 2667 3984 Re-

437 4028 649 4110 gulas
709 4026 939 4090 denuo
977 4028 1428 4108 confirmant,
1470 4028 1884 4108 eisdemque
1921 4026 2246 4106 vigorem
2282 4043 2485 4090 suum
2520 4026 2675 4092 red·-

439 4138 641 4199 duna
