3332 5100
1697 301 2011 358 „13-

910 449 1111 514 Finis
1143 444 1505 512 Scientiae
1540 442 1954 509 Canonicae
1988 443 2060 507 in
2098 461 2182 508 eo
2220 442 2575 527 consistit,
2615 446 2692 508 ut
2739 443 2972 528 inqui-

733 557 873 635 rat,
901 554 1223 620 illustret
1254 556 1473 635 atque
1507 555 1828 635 exponat
1859 559 2210 626 naturam,
2245 545 2618 618 historiam
2653 554 2727 616 et
2756 552 2974 618 ratio-

731 684 886 728 nem
914 662 959 727 J
966 662 1111 727 uris
1148 660 1670 739 Ecclesiastici,
1706 659 1802 724 ad
1833 663 2101 724 statum
2133 658 2515 724 Ecclesiae
2553 659 2658 722 ita
2715 660 2974 724 melius

731 768 1393 849 internoscendum,
1426 766 1639 849 juxta
1674 766 1922 849 priora
1947 765 2386 831 definitionis
2415 767 2670 856 verba.

914 878 1261 964 objectam
1294 875 1505 956 huius
1539 873 1902 940 Scientiae
1966 879 2332 956 versatur,
2387 877 2603 956 prout
2657 891 2750 938 ex
2812 891 2975 955 pos-

734 982 981 1048 tremis
1007 981 1255 1049 verbis
1289 981 1724 1047 definitionis
1782 981 2082 1062 eruitur,
2122 981 2322 1046 circa
2375 981 2508 1046 Jus
2572 980 2974 1046 Ecclesias-

735 1089 979 1169 ticum,
1019 1092 1169 1154 tam
1200 1086 1600 1170 Publicum,
1640 1105 1857 1170 quam
1891 1087 2291 1170 Privatum,
2323 1073 2652 1152 omnibus
2685 1086 2970 1170 legibus

734 1194 1105 1262 canonicis
1148 1197 1343 1258 retro
1378 1194 1692 1258 saeculis
1725 1193 1936 1258 editis
1993 1191 2432 1276 applicando
2496 1191 2677 1257 illud
2733 1193 2976 1276 singu-

733 1303 892 1368 lare
924 1304 1146 1385 atque
1180 1301 1810 1384 diligentissimum
1840 1301 2332 1386 inquisitionis,
2371 1301 2869 1368 illustrationis
2904 1307 2980 1370 et

736 1410 1191 1495 expositionis
1255 1408 1595 1491 studium,
1632 1408 2107 1492 praecipuum
2141 1410 2214 1473 et
2268 1407 2978 1490 praestantissimum

736 1534 1037 1598 scopum
1070 1516 1478 1598 hujusmodi
1512 1515 2006 1581 nobilissimae
2039 1517 2414 1582 scientiae.

914 1623 1025 1688 22.
1084 1623 1244 1688 Duo
1273 1623 1717 1705 praecipuae
1743 1622 2518 1688 methodiintradendo
2539 1623 2584 1688 J
2591 1641 2716 1688 ure
2745 1620 2974 1689 Cano-

736 1730 900 1796 nico
928 1735 1270 1795 servatae
1296 1736 1487 1809 sunt,
1516 1731 1821 1813 scilicet,
1840 1731 2486 1815 praedeterminata
2511 1736 2583 1795 et
2607 1731 2849 1802 libera.-
2874 1732 2976 1795 al-

737 1841 898 1904 tera
930 1837 1005 1902 in
1032 1855 1117 1902 eo
1144 1837 1493 1921 consistit,
1524 1837 1715 1920 quod
1743 1837 1786 1903 J
1793 1855 1872 1902 us
1901 1837 2296 1902 secundum
2325 1842 2602 1902 textum
2628 1837 2977 1904 Decreta-

736 1945 911 2010 lium
950 1962 1079 2008 seu
1106 1943 1443 2009 Codicem
1477 1960 1930 2008 communem
1965 1948 2399 2027 exponatur3
2430 1945 2667 2009 altera
2694 1963 2870 2011 vero
2900 1947 2981 2010 in

742 2050 1179 2132 explicando
1230 2050 1273 2114 J
1281 2069 1405 2115 ure
1433 2051 1645 2132 juxta
1696 2051 2178 2131 subjectivum
2236 2051 2609 2117 criterium
2645 2053 2978 2119 uniuscu-

732 2158 997 2240 jusque
1034 2158 1353 2222 auctoris
1388 2157 1511 2222 vel
1545 2157 2007 2240 professoris,

918 2264 1357 2332 Canonistae
1414 2265 1539 2349 qui
1571 2265 1984 2330 methodum
2035 2264 2776 2348 praedeterminatam
2809 2271 2983 2334 sunt

740 2373 1029 2457 sequuti
1049 2373 1124 2438 in
1140 2373 1319 2437 duas
1346 2374 1621 2438 classes
1649 2372 1995 2455 distingui
2015 2373 2758 2454 solent,Tractatores
2783 2392 2981 2443 nem-

741 2499 833 2567 pe
871 2483 1376 2564 (Tratadistas)
1414 2487 1487 2546 et
1522 2481 2060 2564 Explanatores
2120 2479 2549 2561 (Glosistaslz
2614 2481 2981 2567 Explana-

740 2596 937 2655 tores
1000 2590 1363 2673 dicuntur,
1402 2590 1524 2673 qui
1580 2588 2076 2654 tantummodo
2141 2589 2400 2654 brevia
2455 2593 2986 2657 commentaria

740 2715 869 2763 seu
907 2698 1145 2780 potius
1182 2698 1691 2761 annotationes
1723 2696 1816 2759 ad
1851 2700 2128 2760 textum
2166 2701 2566 2779 apponunt3
2608 2698 2981 2763 Tractato-

740 2822 859 2870 res
886 2807 1127 2869 autem
1152 2809 1689 2886 nuncupantur,
1713 2803 1836 2887 qui
1862 2803 1955 2867 ad
1981 2803 2305 2885 singulas
2327 2802 2370 2868 J
2375 2803 2522 2869 uris
2545 2812 2795 2887 partes
2821 2822 2980 2889 spe·

743 2911 967 2977 ciales
1000 2914 1359 2977 tractatus
1386 2912 1737 2993 adjiciunt
1762 2910 2295 2997 monoyraphias
2320 2911 2736 2976 frecuenter
2763 2930 2985 2995 appe·

743 3018 981 3082 natos,
1021 3018 1221 3083 Inter
1255 3018 1725 3081 Tractatores
1760 3018 2028 3081 eminet
2059 3017 2587 3083 eruditissimus
2656 3023 2728 3083 et
2762 3020 2985 3104 insig-

742 3126 855 3189 nis
884 3124 1211 3190 Berardi.

922 3230 1062 3297 Sed
1113 3230 1207 3293 ad
1258 3248 1415 3296 rem
1470 3232 1724 3295 melius
1791 3233 2316 3299 enucleandam
2377 3234 2815 3299 monendum
2873 3239 2989 3300 est

745 3338 1104 3421 triplicem
1126 3338 1544 3404 methodum
1570 3340 1645 3405 in
1671 3341 2124 3423 expositione
2142 3341 2185 3407 J
2191 3344 2340 3407 uris
2362 3342 2701 3406 usitatam
2729 3341 2982 3425 fuisse,

742 3446 1112 3529 videlicet,
1160 3448 1577 3531 practicam,
1633 3447 2055 3531 historicam,
2115 3453 2334 3532 atque
2380 3448 2801 3515 rationalem
2855 3467 2987 3514 seu

733 3553 1310 3639 philosophicam,
1348 3571 1534 3635 quae
1562 3552 1850 3637 quidem
1883 3555 2227 3639 methodi,
2264 3556 2340 3620 in
2373 3556 2652 3640 epocha
2679 3556 2836 3621 sive
2864 3574 2985 3639 pe*

743 3656 947 3725 riodo
982 3659 1501 3741 Decretalium,
1542 3661 1950 3744 dogmatica,
1984 3661 2314 3729 historica
2359 3666 2432 3726 et
2482 3656 2826 3749 eoeeqetica
2861 3682 2986 3729 vo-

746 3767 1126 3831 cabantur.
1165 3766 1409 3849 Usque
1444 3765 1536 3830 ad
1571 3762 1971 3831 Concilium
2004 3766 2503 3833 Tridentinum
2533 3769 2982 3851 canonistae‚

745 3874 1189 3956 generaliter
1225 3873 1609 3956 loquendo,
1649 3873 1984 3939 methodo
2024 3875 2352 3957 practica
2416 3875 2523 3940 usi
2557 3876 2790 3958 fuere;
2857 3876 2987 3941 sed

745 3982 911 4063 post
942 3978 1409 4044 Tridentinae
1472 3978 1744 4062 Synodi
1801 3981 2395 4065 celebrationem,
2444 3984 2533 4047 ob
2567 3982 2986 4049 innumeras

746 4090 821 4151 et
889 4087 1359 4169 gravissimas
1416 4087 1856 4152 intrusiones
1920 4091 2520 4172 protestantismi,
2553 4091 2985 4172 jansenismi

748 4213 837 4260 ac
896 4194 1269 4287 regalismi
1320 4196 1396 4259 in
1461 4195 1678 4259 rebus
1742 4197 1834 4259 ad
1901 4196 2481 4262 ecclesiasticam
2544 4201 2987 4281 potestatem
