3332 5100
1721 369 2078 431 —236—

779 533 1074 580 causam
1108 514 1440 580 haeresis
1474 515 1596 582 vel
1631 514 2041 579 schismatis
2096 531 2564 598 propugnare
2620 517 2746 579 aut
2803 530 3017 596 agere

780 622 1146 705 videntur,
1184 640 1464 686 summa
1502 623 1795 686 cautela
1828 622 2298 704 recipiendae
2333 626 2407 688 et
2438 622 2796 706 legendae
2828 626 3015 702 sunt,

779 729 1120 812 quoniam
1159 729 1353 793 omni
1388 729 1804 811 suspicione
1842 733 1914 792 et
1945 729 2123 793 vitio
2160 747 2443 794 vacuae
2506 730 2796 792 minime
2860 746 3019 792 cen-

780 836 924 899 seri
981 839 1308 917 possunt,
1349 840 1421 899 et
1453 835 1589 900 hoc
1626 834 1896 917 triplici
1931 835 2387 917 potissimum
2434 855 2526 900 ex
2592 836 2856 918 capite:
2923 836 3021 896 1.0

780 945 1082 1024 propter
1105 944 1643 1026 propensionem
1676 943 1751 1006 in
1773 942 2073 1007 schisma
2106 942 2239 1009 sub
2307 941 2672 1022 Anatoli0,
2732 940 3021 1022 Episco-

779 1066 872 1130 po
901 1046 1706 1131 Constantinopolitano
1765 1049 2204 1131 incoeptum,
2264 1067 2308 1111 a
2349 1046 2670 1113 Concilio
2748 1048 3022 1110 Trulla-

778 1170 875 1219 no
906 1156 1341 1235 promotum,
1404 1170 1494 1217 ac
1525 1152 1812 1218 demum
1845 1155 1921 1218 in
1975 1152 2266 1235 Synodo
2318 1153 2678 1217 Photiana
2738 1152 3021 1216 absolu-

780 1264 955 1341 tum;
991 1259 1098 1322 2.0
1129 1268 1430 1341 propter
1475 1262 1946 1344 corruptionis
2007 1261 2476 1344 suspitionem,
2532 1278 2748 1341 quam
2808 1258 3023 1320 facile

783 1365 1329 1447 deprehendere
1363 1372 1472 1429 est
1504 1366 1576 1430 in
1612 1367 1981 1430 codicibus
2015 1366 2326 1448 graeciS,
2364 1365 2526 1428 aliis
2564 1366 2756 1428 enim
2820 1380 3023 1444 prae-

783 1472 1158 1553 termissis,
1193 1472 1346 1552 jam
1385 1473 1476 1536 ab
1512 1472 1819 1537 Actione
1850 1471 2020 1536 XVI
2074 1471 2379 1536 Concilii
2416 1469 3025 1535 Chalcedonensis

782 1578 1068 1660 legatus
1117 1577 1537 1642 Pontificius
1572 1597 1798 1660 penes
1860 1576 2340 1644 Orientalium
2398 1578 2856 1658 exemplaria
2911 1594 3027 1638 no-

783 1687 988 1748 tabat
1043 1684 1562 1767 interpolatum
1609 1684 1889 1766 jamdiu
1934 1685 2157 1748 fuisse
2208 1701 2560 1754 canonem
2620 1684 2716 1748 VI
2756 1682 3029 1764 Synodi

782 1790 1273 1874 Nicaenae‚in
1307 1792 1638 1874 quojura
1687 1791 2230 1873 patriarchatus
2296 1790 2852 1868 definiebantur3
2929 1790 3029 1850 ΒΡ

785 1902 1086 1980 propter
1119 1901 1346 1982 ipsam
1379 1899 1683 1964 indolem
1713 1899 2173 1979 collectorum,
2212 1898 2674 1980 exploratum
2716 1914 3031 1978 namque

786 2009 899 2068 est
932 2005 1466 2068 Theodoretum
1503 2003 1959 2086 Cyrenaeum
1999 2005 2324 2069 haeresis
2357 2004 2838 2069 Nestorianae
2883 2006 3033 2066 fau-

786 2116 1018 2176 torem
1079 2113 1328 2194 fuisse,
1387 2112 1748 2176 Joannem
1811 2111 2339 2176 Scholasticum
2430 2120 2502 2176 et
2566 2114 2901 2176 Photium
2965 2112 3035 2172 in

786 2219 1044 2284 Sedem
1108 2219 1962 2304 Constantinopolitanae
2037 2221 2411 2285 Ecclesiae
2502 2222 2893 2300 invasisse,
2963 2222 3037 2282 in

785 2328 1101 2392 schisma
1136 2329 1489 2392 orientale
1523 2329 1890 2410 proclives
1925 2328 2294 2405 exstitisse
2328 2332 2401 2392 et
2446 2328 2596 2408 juri
2646 2328 3037 2390 ecclesias-

788 2437 932 2500 tico
967 2453 1266 2518 operam
1297 2453 1640 2518 navasse,
1672 2454 1817 2500 non
1882 2440 2032 2499 tam
2090 2453 2222 2518 pro
2281 2434 2740 2500 vindicandis
2800 2436 3037 2498 sacris

787 2546 1185 2611 canonibus
1222 2564 1438 2629 quam
1473 2549 1604 2628 p'ro
1663 2544 2120 2609 stabiliendis
2181 2542 2465 2625 legibus
2532 2544 2875 2606 civilibus
2937 2548 3037 2606 at-

789 2673 929 2737 que
964 2656 1483 2736 imperatorum
1521 2655 1764 2735 gratia
1799 2654 1937 2718 sibi
1970 2654 2363 2736 captanda.

959 2760 1107 2825 Sub
1143 2770 1446 2843 aspectu
1477 2763 1677 2825 mere
1696 2763 2017 2847 juridico
2081 2763 2502 2845 praedictae
2564 2762 3038 2826 collectiones

788 2868 862 2932 in
893 2868 1224 2934 Ecclesia
1251 2886 1521 2950 graeca
1551 2869 1624 2933 vi
1654 2869 1877 2951 legali
1911 2875 2132 2951 atque
2195 2888 2462 2952 magna
2526 2871 3039 2935 aestimatione

787 2977 1090 3059 pollent,
1141 2976 1216 3041 in
1249 2975 1581 3040 Ecclesia
1612 2972 1871 3040 autem*
1917 2974 2373 3042 occidentali
2442 2979 2646 3041 nulla
2716 2977 3041 3057 gaudent

789 3085 1251 3165 auctoritate,
1312 3084 1627 3148 maxime
1696 3082 1945 3149 Codex
2007 3085 2420 3167 Trullanus,
2492 3087 2696 3167 cujus
2788 3087 3039 3167 plures

790 3209 1107 3256 canones
1141 3190 1472 3256 Ecclesia
1535 3191 1729 3255 omni
1786 3196 2114 3273 tempore
2177 3192 2646 3275 improbavit,
2710 3197 2782 3255 et
2852 3211 3037 3257 cotn-

789 3300 1044 3382 pilatio
1081 3299 1464 3380 Photiana,
1507 3299 1583 3362 in
1617 3316 1764 3380 qua
1801 3299 2116 3364 collecta
2168 3304 2336 3364 sunt
2367 3304 2642 3363 statuta
2700 3301 2790 3363 ab
2854 3301 2921 3381 ej
2937 3319 3039 3363 us-

789 3406 984 3471 modi
1019 3406 1268 3470 doloso
1304 3407 1647 3488 episcopo
1684 3406 1759 3470 in
1792 3406 2123 3471 favorem
2161 3406 2574 3471 schismatis
2604 3407 2820 3471 edita.

891 3560 895 3565 ·
972 3514 1125 3578 204.
1224 3514 1481 3582 Tribus
1515 3514 1879 3596 prioribus
1930 3513 2307 3581 Ecclesiae
2362 3515 2676 3580 saeculis
2742 3533 2877 3597 pro
2939 3517 3035 3579 in-

789 3623 1164 3705 jungenda
1225 3625 1730 3689 satisfactione
1792 3626 2314 3691 sacramentali
2369 3627 2788 3692 sacerdotes
2851 3625 3039 3707 arbi-

789 3731 932 3795 trio
979 3736 1198 3813 atque
1235 3730 1624 3812 prudentia
1655 3731 2072 3813 utebantur3
2110 3732 2240 3797 sed
2303 3750 2349 3796 a
2406 3733 2702 3797 saeculo
2760 3731 2889 3813 IV,
2953 3749 3041 3793 ne

791 3837 1056 3903 limites
1105 3838 1792 3920 transgrederentur
1840 3840 1914 3903 in
1975 3839 2115 3904 hoc
2171 3858 2469 3905 munere
2501 3839 2899 3921 fungenda,
2969 3843 3039 3901 et

793 3948 1011 4013 nimio
1038 3948 1281 4030 rigore
1315 3949 1438 4013 vel
1466 3948 1920 4030 indulgentia
1984 3948 2295 4031 permoti
2359 3949 2848 4030 poenitentias
2909 3963 3042 4009 nec

793 4056 1154 4127 salutares
1181 4074 1318 4120 nec
1354 4055 1806 4138 adaequatas
1840 4056 2303 4137 imponerent
2336 4073 2498 4121 cum
2558 4073 2820 4137 magno
2891 4053 3041 4117 ani-

790 4182 1073 4229 marum
1135 4164 1592 4245 detrimentO,
1664 4168 2065 4246 coeperunt
2118 4164 2190 4252 in
2243 4160 2540 4229 Oriente
2600 4179 2921 4227 canones
2973 4165 3043 4225 et

793 4272 962 4339 libri
1004 4272 1560 4357 poenitentiales
1597 4272 1957 4354 evulgari.
1995 4273 2199 4338 Inter
2228 4271 2481 4337 Patres
2517 4289 2846 4353 graecos„
2923 4269 3041 4351 qui
