3332 5100
1230 368 1586 428 -199-

299 508 747 577 vicariatum
771 513 1190 596 generalem
1246 509 1708 578 Castrensem
1757 511 2274 578 instituendum
2310 510 2528 578 edita.

468 618 810 702 Ejusdem
842 619 1210 685 Pontificis
1237 619 1474 687 Breve
1509 620 1873 707 Sinyulari
1896 620 2069 685 Fide
2104 619 2315 685 simul
2370 638 2534 684 cum

296 722 752 791 Concordato
783 726 954 791 1737
988 728 1438 810 evulgatum,
1475 728 1550 792 in
1609 746 1751 810 quo
1803 727 2100 809 jubetur
2141 728 2532 792 observan-

292 831 395 895 tia
429 835 504 897 et
535 833 931 916 applicatio
966 833 1222 899 Bullae
1253 832 1591 919 Supremo
1608 835 1937 922 justitiae
1964 835 2137 900 solio
2178 835 2298 916 jus
2348 836 2536 916 asyli

291 941 383 1006 ad
418 958 631 1006 casus
667 941 1014 1023 expresse
1049 940 1570 1006 determinatos
1608 941 2143 1023 restringentis.

480 1047 872 1115 Clementis
939 1048 1110 1114 XIV
1176 1049 1388 1114 Bulla
1450 1050 1617 1116 Jam
1677 1070 1949 1135 semper
2011 1049 2538 1114 immunitatem

291 1155 797 1222 Ecclesiarum
831 1154 1069 1240 quoad
1101 1157 1514 1240 praefatum
1550 1157 1671 1240 jus
1707 1158 1897 1240 asyli
1925 1157 2137 1225 novis
2171 1158 2536 1222 limitatio-

295 1263 514 1328 nibus
577 1267 984 1347 coarctans,
1028 1262 1559 1347 declaransque
1619 1264 1695 1329 in
1757 1269 2127 1349 posterum
2181 1265 2318 1330 hoc
2374 1266 2540 1346 jnre

294 1370 605 1453 potitum
642 1370 750 1436 ire
788 1371 860 1435 in
896 1388 1332 1454 unaquaque
1367 1371 1670 1437 civitate
1722 1390 1940 1439 unam
1971 1373 2252 1438 tantum
2286 1374 2406 1438 vel
2446 1372 2544 1436 ad

291 1494 646 1542 summum
681 1476 859 1542 duas
893 1476 1290 1543 Ecclesias.

468 1582 710 1667 Ipsius
747 1582 1137 1650 Clementis
1194 1584 1365 1651 XIV
1421 1585 1633 1651 Bulla
1692 1582 2060 1654 Cle-mentis
2117 1585 2344 1670 (1771)
2408 1604 2540 1668 pro

293 1691 664 1756 erectione
691 1691 1104 1757 Tribunalis
1133 1691 1389 1756 Rotae.

468 1796 735 1861 Leonis
768 1795 911 1861 XII
944 1796 1155 1862 Bulla
1210 1798 1482 1863 Relatis
1542 1797 1773 1880 (1826)
1835 1797 2191 1864 adversus
2250 1796 2540 1880 Capitu-

292 1901 441 1967 lum
502 1902 882 1968 Ecclesiae
935 1905 1452 1986 Malacitanae,
1515 1923 1599 1970 eo
1668 1905 1884 1989 quod,
1950 1905 2135 1971 Sede
2193 1910 2538 1988 vacante,

292 2027 516 2074 unum
549 2012 1006 2093 provisorem
1038 2028 1202 2076 cum
1231 2011 1739 2093 ,iurisdictione
1766 2014 2224 2078 contentiosa
2262 2020 2332 2078 et
2364 2032 2540 2096 qua-

294 2119 456 2181 tuor
485 2118 1014 2200 gubernatores
1041 2136 1203 2183 cum
1216 2119 1723 2201 jurisdictione
1757 2121 2176 2187 voluntaria
2204 2122 2534 2204 eligeret.

472 2226 585 2290 Pii
637 2225 745 2290 IX
808 2230 958 2290 tr'es
1021 2227 1701 2309 praestantissimae
1761 2229 2040 2295 Bullae:
2106 2231 2340 2313 prima
2402 2228 2546 2306 Quo

293 2334 582 2421 qravius
619 2331 734 2414 (14
765 2332 941 2397 Julii
999 2333 1197 2421 1873)
1255 2335 1628 2400 territoria
1692 2340 2034 2420 exempta
2091 2336 2544 2402 dioecesibus

296 2440 862 2525 proximioribus
899 2441 1394 2524 aggregand03
1433 2443 1673 2507 altera
1710 2441 1897 2520 Quae
1954 2444 2232 2510 diversa
2292 2446 2546 2510 eodem

298 2550 414 2616 die
452 2550 817 2638 expedita,
826 2550 1371 2633 jurisdictiones
1406 2557 1785 2635 exemptas
1819 2553 2362 2636 supprimend03
2402 2557 2542 2617 ter-

297 2657 400 2721 tia
461 2655 578 2722 Ad
638 2656 1110 2743 Apostolicam
1165 2660 1371 2724 Beati
1420 2661 1616 2725 Petri
1674 2659 1792 2743 (18
1854 2658 2286 2725 Novembris
2350 2659 2550 2743 1375)

298 2765 706 2848 prioratum
741 2763 1089 2832 Ordinum
1116 2764 1511 2831 Militarum
1535 2765 1879 2832 creando.

483 2873 636 2938 177.
733 2874 1172 2940 Perdifficile
1239 2877 1350 2939 est
1402 2875 1705 2940 definire
1760 2891 2137 2939 numerum
2195 2873 2546 2939 Concilio-

299 2999 487 3064 rum,
526 2982 824 3064 quaein
857 2982 1212 3065 Hispania
1240 2981 1492 3047 habita
1548 2985 1741 3065 sunt;
1806 3000 1976 3046 nam
2045 2983 2286 3064 quoad
2340 2983 2546 3045 Tole-

300 3091 480 3153 tana
504 3090 761 3171 solum,
802 3108 947 3154 non
980 3090 1240 3154 desunt
1275 3091 1509 3154 critici
1545 3091 1669 3174 qui
1703 3090 2006 3172 triginta
2070 3097 2382 3173 quatuor
2438 3109 2546 3155 re-

303 3202 631 3279 censent,
671 3197 979 3280 aliisque
1029 3198 1105 3262 in
1170 3198 1589 3263 civitatibus
1655 3198 1869 3281 plura
1896 3198 2268 3262 celebrata
2309 3199 2540 3281 fuere,

305 3321 613 3387 quorum
646 3304 996 3369 memoria
1022 3305 1226 3369 nulla
1259 3310 1485 3389 extat,
1515 3324 1601 3371 eo
1637 3306 1830 3389 quod
1878 3322 2128 3371 eorum
2192 3311 2360 3370 acta
2430 3325 2552 3387 pe-

304 3412 586 3478 rierint.
625 3410 918 3477 Certum
950 3415 1196 3477 tamen
1252 3418 1363 3478 est
1395 3418 1616 3497 atque
1651 3418 1865 3478 extra
1929 3431 2214 3479 omnem
2274 3415 2552 3477 dubita-

307 3521 524 3587 tionis
593 3523 832 3587 aleam
887 3522 1200 3605 positum
1265 3523 1836 3588 celebrationem
1902 3520 2254 3603 eiusmodi
2320 3521 2552 3585 eccle-

308 3631 767 3695 siasticorum
804 3636 1292 3696 conventuum
1327 3630 1522 3714 apud
1554 3635 1921 3695 nostrates
1949 3629 2044 3693 ad
2067 3629 2552 3693 remotissima

310 3741 642 3821 tempora
705 3754 1116 3820 assurgere3
1190 3738 1775 3822 quandoquidem
1822 3755 2013 3801 anno
2064 3736 2191 3801 301
2242 3737 2362 3799 vel
2424 3735 2554 3799 302

314 3851 645 3915 coactum
677 3846 816 3910 fuit
845 3845 1155 3929 primum
1187 3851 1260 3911 et
1319 3847 1773 3910 notissimum
1807 3844 2336 3909 Illiberitanum
2377 3841 2556 3907 Con·

314 3954 578 4019 cilium.
1150 3947 1155 3950 ’
1344 3974 1352 3981 ·

491 4060 657 4141 Sed,
691 4061 934 4125 sisere
980 4060 1390 4144 imposibile
1446 4061 1736 4127 videtur
1785 4059 1861 4124 in
1912 4076 2209 4123 censum
2276 4061 2554 4125 referre

322 4169 563 4233 omnia
618 4167 1002 4233 Ecclesiae
1056 4167 1501 4252 Hispanicae
1558 4166 1888 4233 Concilia
1951 4166 2041 4232 ob
2101 4166 2560 4231 documento-

266 4250 288 4280 *
318 4292 486 4341 rum
522 4275 914 4360 defectum,
950 4276 1263 4359 injuriae
1311 4280 1742 4360 temporum,
1803 4275 2296 4341 frecuentibus
2358 4277 2560 4341 inva-
