3332 5100
1227 362 1551 422 -93-

290 510 541 575 minum
572 507 989 575 universum
1023 524 1250 593 genus
1283 511 1484 573 stare
1516 510 1782 592 potest.
1814 506 1969 589 Age
1997 506 2152 589 jam
2177 506 2251 571 in
2287 506 2512 591 quali-

288 619 401 683 bet
430 618 785 683 societate
820 616 1284 683 ferendarum
1320 616 1561 699 legum
1617 618 1946 697 potestas
1999 618 2087 681 iis
2141 616 2512 699 competit,

290 726 399 809 qui
422 725 812 809 regendae,
842 724 1387 807 gubernandae,
1416 724 2183 810 administrandaeque
2210 726 2514 791 societa-

288 835 339 898 ti
396 835 794 917 praepositi
826 839 1017 916 sunt;
1056 832 1185 899 sed
1211 851 1373 897 cum
1400 833 1741 898 Romanis
1773 833 2265 916 Pontificibus,
2301 837 2518 917 prout

288 958 371 1005 ex
401 940 823 1005 Florentina
860 946 933 1005 et
961 938 1325 1004 Vaticana
1368 938 1784 1003 definitione
1812 940 2122 1018 constat,
2180 940 2254 1003 in
2302 939 2516 1005 Beato

288 1048 477 1113 Petro
492 1048 854 1134 pascendi,
887 1047 1170 1133 reyendz’
1204 1052 1271 1110 et
1302 1047 1734 1131 yubernandi
1783 1046 2240 1118 universalem
2283 1044 2516 1111 Eccle-

288 1156 452 1221 siam
483 1178 529 1223 a
553 1157 852 1223 Domino
886 1156 1140 1221 Nostro
1173 1153 1343 1219 Jesu
1382 1152 1654 1220 Christo
1679 1154 1896 1238 plena
1915 1160 2226 1237 potestas
2253 1152 2518 1218 tradita

287 1264 385 1347 sit,
418 1271 655 1349 aperte
688 1264 1035 1348 colliyitwr
1088 1264 1277 1347 ipsos
1330 1244 1645 1327 Summos
1694 1262 2060 1348 Pontifices
2099 1268 2441 1347 potestate
2475 1282 2520 1328 a

291 1369 547 1437 Christo
576 1377 858 1455 accepta
886 1369 1185 1455 qaudere
1205 1389 1343 1452 pro
1378 1368 1751 1433 condendis
1786 1376 1848 1433 et
1881 1369 2330 1455 inju-nqendis
2361 1369 2517 1453 leqi-

287 1477 417 1560 bus,
450 1478 698 1561 quibas
731 1484 795 1543 et
825 1498 979 1542 oves
1004 1484 1068 1541 et
1099 1475 1282 1561 aym‘,
1309 1475 1430 1539 hoc
1494 1482 1612 1556 est,
1648 1482 1794 1540 tum
1845 1475 2189 1557 Pastores,
2252 1482 2394 1539 tum
2442 1475 2520 1563 fi-

286 1583 459 1649 deles
490 1585 959 1667 obtemperare
984 1591 1316 1648 tenentur.

449 1688 555 1754 3.⁰
646 1690 979 1755 Potestas
1027 1690 1516 1757 Romanorum
1556 1690 1986 1756 Pontificum
2065 1690 2376 1773 legifera
2433 1708 2525 1755 ex

285 1795 435 1878 ipsa
464 1796 841 1863 Ecclesiae
902 1799 1425 1865 constitutione
1470 1798 1930 1864 hierarchica
1987 1799 2523 1881 etiamproba-

288 1912 419 1986 tur;
456 1925 628 1972 nam
656 1908 734 1973 in
760 1907 1111 1973 societate
1152 1908 1551 1973 christiana
1568 1909 1736 1990 jure
1793 1907 2039 1973 divino
2080 1908 2523 1990 distinguun-

286 2016 392 2077 tur
422 2015 837 2097 superiores
864 2032 990 2079 seu
1026 2016 1518 2099 magistratuS,
1579 2032 1869 2098 nempe,
1931 2015 2301 2099 Episcopi,
2355 2033 2523 2098 quo-

286 2138 433 2185 rum
468 2126 579 2187 est
607 2122 867 2203 jubere
900 2127 973 2187 et
1018 2122 1406 2205 imperare,
1466 2127 1539 2187 et
1596 2124 1985 2187 inferiores
2044 2140 2172 2187 seu
2229 2122 2522 2205 subditi,

290 2227 539 2308 quibus
578 2226 879 2309 obsequi
914 2232 987 2293 et
1020 2228 1315 2293 obedire
1349 2228 1724 2309 incumbit;
1762 2246 1955 2293 nunc
1988 2247 2191 2311 ver0,
2229 2229 2290 2293 si
2327 2226 2524 2295 Chri-

286 2338 429 2397 stus
454 2333 811 2399 Dominus
845 2335 1235 2417 primatum
1266 2353 1412 2400 non
1435 2336 1869 2399 instituisset
1895 2336 2390 2419 (hypothetice
2427 2336 2522 2399 lo-

288 2440 591 2522 quimur)
630 2445 703 2505 et
727 2441 805 2505 B.
846 2441 1059 2506 Petro
1097 2444 1397 2525 ejusque
1452 2443 1996 2507 successoribus
2053 2444 2372 2525 plenam,
2419 2460 2526 2506 or·

287 2547 641 2614 dinariam
688 2554 905 2632 atque
961 2549 1455 2616 immediatam
1501 2549 2028 2631 jurisdictionis
2089 2556 2528 2634 potestatem

284 2653 468 2721 haud
488 2657 949 2738 contulisset,
981 2676 1158 2740 erga
1184 2675 1401 2740 quam
1423 2675 1672 2721 omnes
1703 2663 1774 2720 et
1801 2657 2067 2740 singuli
2093 2659 2250 2723 sive
2282 2657 2526 2723 Pasto-

284 2779 417 2843 reS‚
442 2765 605 2830 sive
632 2763 907 2843 fideles,
941 2765 1177 2828 officio
1210 2764 1714 2828 hierarchicae
1745 2765 2385 2845 subordinationis,
2410 2783 2529 2830 ve-

282 2887 550 2952 raeque
610 2871 1068 2936 obedientiae
1127 2873 1778 2954 obstringerentur,
1809 2873 1948 2955 ipsi
1971 2871 2336 2954 Episcopi,
2368 2890 2531 2936 cum

285 2993 527 3042 omnes
562 2978 708 3042 sint
742 2979 1088 3058 aequales
1114 2980 1279 3060 jnre
1307 2979 1581 3061 divin0,
1617 2997 1750 3061 pro
1785 2981 1972 3044 bono
2007 2980 2384 3045 Ecclesiae
2419 2997 2527 3044 re-

284 3085 547 3165 gimine
576 3090 651 3150 et
683 3086 963 3150 unitate
998 3087 1389 3169 servanda,
1426 3089 1880 3170 superiorem
1937 3089 2060 3152 vel
2121 3087 2533 3169 praesidem

286 3192 758 3273 agnovissent
789 3195 915 3256 aut
940 3191 1333 3274 elegissent
1363 3194 1806 3258 auctoritate
1831 3193 2250 3276 insignitum
2284 3189 2533 3258 omnes

284 3299 583 3379 ,iubendi
617 3305 689 3364 et
736 3300 830 3366 ad
884 3300 1101 3364 finem
1154 3302 1525 3366 societatis
1580 3319 2032 3367 communem
2090 3319 2531 3384 consequen-

290 3405 445 3472 dum
484 3408 741 3490 aequis
773 3408 1057 3490 legibus
1118 3408 1449 3491 cogendi,
1489 3409 1814 3492 alioquin
1852 3409 2026 3474 ordo
2077 3409 2533 3474 subvertere-

290 3515 422 3591 tur,
461 3514 860 3578 schismata
916 3519 989 3578 et
1046 3515 1529 3579 dissentiones
1587 3516 1900 3598 undique
1929 3519 2410 3597 exsurgerent
2465 3520 2538 3578 et

290 3621 603 3693 societas
632 3621 1031 3686 christiana
1062 3622 1382 3687 funditus
1422 3623 2040 3704 pessumdaretur.

457 3725 569 3790 4.⁰
660 3725 993 3810 Denique
1016 3729 1135 3810 ,ius
1168 3728 1622 3792 Pontificium
1668 3730 2136 3794 confirmatur
2171 3745 2263 3792 ex
2320 3727 2538 3810 praxi

290 3851 431 3898 non
454 3835 867 3917 interrupta
891 3836 1375 3902 Romanorum
1402 3837 1834 3902 Pontificum
1859 3838 1934 3901 in
1959 3835 2256 3900 edendis
2292 3836 2536 3902 decre·

292 3940 403 4004 tis:
435 3959 479 4005 a
510 3943 994 4006 remotissima
1049 3943 1241 4007 enim
1300 3944 1733 4027 antiquitate
1795 3942 1889 4006 ad
1951 3947 2278 4008 nostram
2311 3961 2537 4026 usque

294 4051 607 4114 aetatem
627 4049 1037 4134 hujusmodi
1064 4051 1525 4116 essentialem
1544 4051 1900 4132 primatus
1936 4051 2538 4133 praerogativam

293 4152 677 4220 Pontifices
713 4173 1137 4239 exercuere,
1168 4158 1242 4220 et
1267 4156 1556 4239 quidem
1583 4158 1802 4240 pleno
1822 4157 1988 4239 jure
2020 4147 2241 4240 atque
2261 4174 2536 4223 summo

306 4280 463 4327 cum
496 4263 829 4347 imperio,
860 4263 1238 4347 siquidem,
1280 4267 1352 4328 ut
1384 4263 1816 4347 videbimus,
1883 4264 2142 4350 priscis
2199 4265 2536 4356 tempori·
2567 4273 2576 4280 “
