3332 5100
1660 331 2016 392 -226—

719 477 898 559 vati,
937 482 1088 542 tum
1120 476 1394 560 scripto
1435 477 1686 542 traditi
1720 478 1952 559 fuere;
1990 482 2247 560 postea
2284 496 2462 544 vero
2524 482 2718 546 aucti
2766 486 2959 564 sunt,

725 584 896 666 quia
927 600 1389 648 successores
1437 583 1958 666 Apostolorum
1990 602 2123 667 pro
2159 590 2564 668 temporum
2624 594 2963 670 opportu-

719 692 952 754 nitate
987 707 1221 755 novos
1256 707 1575 754 canones
1609 690 2069 772 addiderunt,
2127 695 2408 756 retento
2474 698 2716 756 tamen
2751 694 2961 758 titulo

727 797 1095 880 primitivo
1139 795 1491 864 Canonum
1552 795 2067 882 Apostolorum:
2125 799 2342 864 solent
2390 802 2666 882 quippe,
2722 800 2966 882 prouti

723 903 1166 968 concludunt
1228 904 1553 986 praefati
1617 904 1994 987 Ballerini,
2062 905 2456 992 hujusmodi
2508 928 2740 990 opera,
2803 910 2967 972 licet

721 1012 941 1078 variis
973 1012 1414 1077 incrementis
1446 1019 1851 1098 aaqecmtur,
1888 1015 2037 1099 ejus
2072 1034 2314 1078 nomen
2338 1016 2412 1078 in
2460 1016 2831 1098 epiyraphe
2859 1036 2959 1078 re-

721 1121 954 1200 tinere,
983 1140 1113 1202 quo
1135 1120 1450 1203 primum
1497 1126 1776 1184 auctore
1811 1127 2053 1204 caepta
2110 1127 2174 1184 et
2235 1122 2608 1185 constituta
2654 1122 2963 1206 fuerunt.

721 1226 929 1290 Unde
963 1225 1176 1289 hodie
1206 1225 1534 1289 omnibus
1563 1243 1991 1308 persuasum
2023 1230 2133 1291 est
2159 1243 2475 1290 canones
2502 1228 2967 1308 Apostolicos

721 1332 988 1414 partim
1024 1350 1116 1396 ex
1179 1332 1659 1397 sanctissimis
1694 1334 1995 1415 regulis,
2034 1350 2213 1416 quas
2247 1334 2583 1414 Apostoli
2620 1334 2969 1398 Ecclesiis

721 1439 1210 1520 tradiderunt,
1251 1441 1521 1522 partim
1555 1458 1648 1504 ex
1685 1440 2207 1505 consuetudine
2245 1440 2764 1522 Ecclesiarum,
2803 1460 2969 1524 par-

721 1548 848 1610 tim
884 1564 977 1610 ex
1035 1545 1353 1610 decretis
1418 1545 1901 1628 synodorum,
1970 1565 2159 1630 quae
2224 1550 2474 1631 primis
2544 1550 2857 1614 saeculis
2895 1550 2971 1612 in

725 1650 1019 1718 Oriente
1053 1653 1473 1716 celebratae
1507 1654 1829 1735 fuerunt,
1891 1655 2242 1719 conflatos
2296 1674 2476 1720 esse.
2514 1656 2642 1720 Oui
2678 1658 2971 1738 quidem

723 1760 1132 1824 sententiae
1159 1759 1381 1825 valde
1416 1760 1624 1823 favet
1686 1760 1979 1824 diversa
2013 1761 2334 1841 ipsorum
2384 1780 2742 1826 canonum
2805 1782 2969 1844 par-

723 1868 1109 1948 titi0,.cum
1175 1867 1387 1931 modo
1424 1867 1697 1950 plume,
1741 1871 1813 1931 et
1848 1867 2059 1935 modo
2120 1870 2514 1950 pautioreS,
2556 1872 2730 1934 alibi
2766 1872 2969 1952 quin-

721 1973 1094 2056 quaginta,
1158 1975 1333 2038 alibi
1436 1975 1813 2056 octoginta
1877 1976 2196 2058 quinque
2260 1978 2454 2058 apud
2520 1976 2969 2042 Collectores

721 2086 1011 2146 veteres
1044 2082 1411 2164 legantur,
1474 2083 1669 2165 quod
1703 2082 2114 2148 luculenter
2180 2084 2458 2148 evincit
2508 2102 2668 2148 eam
2704 2086 2967 2148 collec-

723 2192 991 2255 tionem
1051 2208 1187 2254 nec
1220 2196 1447 2255 totam
1482 2191 1694 2255 simul
1760 2209 1902 2255 uno
1974 2195 2322 2274 tempore,
2394 2210 2630 2274 neque
2698 2194 2786 2256 ab
2825 2210 2967 2254 uno

723 2303 1021 2364 auctore
1047 2316 1207 2364 esse
1241 2299 1688 2382 confectam,
1738 2299 1875 2364 sed
1909 2300 2220 2365 diversis
2278 2302 2722 2382 temporibus
2762 2308 2833 2364 et
2869 2302 2971 2364 lo-

725 2406 827 2472 cis
859 2406 1105 2489 plures
1140 2406 1517 2489 recepisse
1548 2407 1985 2471 additioneS.

900 2511 1109 2595 Quod
1142 2513 1202 2579 si
1230 2513 1593 2596 quaedam
1629 2514 2008 2581 haeretica
2058 2518 2129 2580 et
2162 2515 2352 2580 falsa
2388 2514 2462 2579 in
2498 2514 2642 2579 illis
2680 2516 2969 2581 canoni-

723 2622 856 2686 bus
887 2621 1386 2703 inveniantur,
1429 2622 1568 2686 hoc
1602 2622 1895 2688 videtur
1928 2623 2388 2687 tribuendum
2424 2625 2544 2687 vel
2578 2643 2969 2687 amanuen-

725 2731 907 2793 sium
940 2729 1401 2811 ignorantiae
1459 2731 1580 2795 vel
1637 2730 1878 2794 fraudi
1915 2738 2044 2794 aut
2078 2731 2398 2794 malitiae
2464 2731 2965 2811 collectorum,

725 2837 844 2919 qui
877 2855 1024 2900 non
1056 2841 1525 2901 secernentes
1561 2838 1877 2902 concilia
1923 2838 2252 2919 legitima
2306 2857 2394 2901 ac
2430 2840 2837 2903 orthodoxa
2871 2839 2965 2901 ab

721 2944 1254 3008 haereticorum
1305 2943 1429 3008 vel
1494 2944 2121 3012 schismaticorum
2161 2947 2666 3027 conventibus,
2740 2963 2961 3027 quae-

725 3051 887 3115 dam
922 3068 1240 3115 canones
1301 3051 1393 3114 ab
1428 3050 1515 3114 iis
1575 3051 1922 3115 confictos
1975 3051 2051 3115 in
2108 3069 2330 3116 censu
2394 3055 2973 3135 apostolicorum

727 3176 1085 3225 canonum
1121 3158 1606 3222 inseruerunt.

902 3263 1052 3328 196.
1154 3266 1384 3350 Oriyo,
1423 3286 1749 3331 numerus
1783 3273 1846 3331 et
1905 3267 2314 3332 auctoritas.
2390 3267 2600 3347 Quod
2636 3269 2726 3331 ad
2762 3271 2967 3353 origi-

723 3395 872 3439 nem
906 3375 1216 3454 spectat,
1251 3372 1566 3437 fatemur
1595 3390 1757 3437 cum
1791 3373 2003 3437 Petro
2036 3373 2145 3437 De
2186 3373 2436 3437 Merca
2474 3375 2774 3439 difficile
2809 3395 2969 3439 esse

723 3483 799 3545 in
831 3486 960 3544 tan
1020 3480 1169 3544 alto
1231 3484 1566 3545 veterum
1599 3482 2037 3564 scriptorum
2100 3482 2390 3545 silentio
2432 3495 2716 3565 tempus
2756 3485 2969 3565 hujus

727 3587 1188 3653 collectionis
1225 3587 1606 3671 indagare,
1648 3606 1864 3671 quam
1909 3593 2155 3653 tamen
2203 3595 2480 3654 certum
2516 3597 2624 3655 est
2664 3591 2971 3657 Concilii

723 3695 1025 3761 Nicaeni
1058 3700 1391 3777 tempora
1433 3697 1915 3761 antecessisse
1954 3697 2074 3778 (l).
2138 3696 2276 3761 Sed
2312 3715 2404 3761 ex
2454 3699 2969 3781 disquisitioni-

723 3805 854 3867 bus
892 3803 1166 3868 criticis
1200 3821 1244 3867 a
1272 3803 1450 3868 viris
1486 3803 1785 3867 eruditis
1820 3804 2031 3867 editis
2058 3805 2222 3885 jure
2257 3806 2510 3869 inferri
2544 3811 2778 3887 potest
2815 3807 2969 3889 plu-

725 3929 840 3975 res
875 3928 1192 3985 canones
1229 3910 1674 3992 apostolicos
1694 3912 1850 3992 jam
1877 3930 1922 3975 a
1950 3911 1983 3975 I
2015 3913 2137 3977 vel
2163 3912 2235 3976 II
2259 3912 2636 3977 Ecclesiae
2669 3915 2969 3977 saeculo

725 4017 1114 4081 traditione
1157 4022 1501 4100 acceptos
1537 4018 1787 4101 fuisse,
1856 4018 1993 4083 etsi
2054 4037 2302 4083 omnes
2336 4022 2408 4083 in
2448 4039 2662 4083 unum
2704 4039 2973 4103 corpus

865 4232 943 4298 (l)
1020 4228 1275 4284 Concord.
1317 4228 1540 4285 Sacerd.
1561 4233 1616 4284 et
1632 4228 1779 4301 Imp.
1805 4230 1895 4285 lib.
1927 4228 2047 4300 III,
2082 4248 2198 4301 cap.
2227 4238 2276 4285 2.

2892 5071 2987 5087 >nt-'b-
