3332 5100
1350 319 1668 379 -19..-

383 463 909 546 spectantibuS,
947 463 1103 527 fere
1136 463 1465 528 omnibus
1516 464 1560 528 J
1564 465 1712 528 uris
1766 465 2107 530 studiosis
2140 467 2304 532 visa
2347 471 2457 531 est
2481 485 2624 533 me-

383 571 523 635 lior
555 573 629 634 et
678 569 900 634 tutior
962 569 1342 634 methodus
1408 570 1660 652 mixta3
1734 570 2119 636 hodiedum
2176 573 2421 656 igitur,
2487 575 2627 640 rite

384 677 766 762 perpensis
802 677 1162 758 adjunctis
1197 680 1271 741 et
1302 679 1861 761 praesupposito
1893 679 2374 762 legislationis
2395 682 2624 747 eccle-

383 784 729 848 siasticae
764 784 1038 848 actuali
1066 787 1280 868 statu,
1319 786 1717 851 observare
1749 789 2041 868 oportet
2069 788 2508 870 methodum,
2549 793 2628 854 ut

384 891 487 955 ita
525 890 787 974 dicam,
841 893 1287 976 ecclecticam,
1324 911 1513 976 quae
1575 896 1838 958 cuncta
1897 895 2144 976 capita
2208 899 2282 959 et
2334 896 2627 979 regulas

388 997 583 1080 apud
612 997 1060 1080 antiquiores
1088 1000 1395 1063 usitatas
1432 1001 1984 1083 complectatur,
2015 1002 2225 1066 simul
2261 1019 2626 1084 exponen-

388 1104 478 1169 do
514 1107 664 1168 tum
699 1105 881 1187 legis
918 1105 1427 1188 dispositiones
1470 1108 1674 1189 (ordo
1721 1110 2133 1192 practicus),
2201 1113 2349 1174 tum
2411 1127 2626 1175 cano-

386 1229 555 1276 num
592 1213 946 1295 originem
1004 1217 1077 1277 et
1126 1214 1665 1280 vicissitudines
1735 1217 1937 1298 (ordo
1993 1218 2409 1301 historicus),
2476 1221 2626 1281 tum

387 1320 700 1403 denique
720 1321 904 1402 juris
938 1322 1487 1413 fundamentum
1525 1330 1597 1389 et
1642 1326 2026 1408 rationem,
2074 1343 2162 1390 ac
2194 1327 2629 1408 praesertim

386 1427 710 1507 ejusdem
748 1431 1300 1495 consonantiam
1356 1449 1517 1496 cum
1544 1450 1724 1499 vera
1751 1434 1768 1495 Ξ
1779 1433 1915 1496 dea
1943 1435 2014 1497 et
2039 1433 2352 1516 genuino
2379 1433 2626 1498 Eccle-

386 1534 541 1599 siae
580 1540 939 1619 coneeptu
972 1536 1179 1620 (ordo
1204 1539 1778 1624 philosophicus).

565 1641 750 1706 Nam
784 1641 847 1706 si
904 1644 1274 1726 quaelibet
1335 1646 1714 1710 methodus
1777 1663 2101 1710 seorsum
2167 1646 2623 1729 adhibeatur,

386 1749 613 1816 facile
649 1749 790 1814 erit
821 1751 894 1813 in
928 1768 1253 1816 errorem
1285 1753 1505 1818 valde
1538 1752 2024 1835 perniciosum
2051 1752 2199 1816 labi
2235 1771 2398 1817 cum
2432 1771 2626 1836 mag·

384 1877 481 1923 no
545 1876 626 1922 re
641 1863 805 1923 ctae
839 1859 1030 1942 fidei,
1067 1861 1403 1925 veritatis
1467 1859 1864 1926 historicae
1919 1865 1992 1924 et
2054 1877 2280 1924 sana-e
2337 1859 2628 1924 critices

388 1966 851 2046 detrimentO,
892 1965 995 2030 uti
1026 1967 1273 2031 evenit
1300 1967 1781 2050 jansenianis‚
1821 1966 1964 2050 qui,
2026 1965 2362 2031 methodo
2411 1966 2628 2031 histo-

386 2073 545 2138 rica
584 2073 987 2155 abutenteS,
1024 2075 1265 2138 omnia
1300 2075 1377 2140 in
1422 2075 1779 2154 Ecclesia,
1839 2091 2124 2157 nempe,
2192 2074 2446 2156 vitam,
2484 2093 2630 2139 mo-

386 2197 533 2260 reS,
566 2179 861 2261 cultum,
902 2179 1249 2260 pietatem
1308 2185 1381 2244 et
1446 2179 1903 2262 disciplinam
1969 2179 2331 2260 subjicere
2383 2178 2628 2244 velue·

386 2293 558 2352 runt
583 2289 893 2371 tempori
920 2287 1428 2370 determinate,
1460 2287 1651 2369 quod
1679 2305 1936 2352 vocem
1994 2286 2316 2368 usquein
2347 2286 2630 2351 coelum

389 2394 810 2460 extollendo
874 2417 1161 2460 auream
1226 2395 1581 2460 Ecclesiae
1646 2401 1939 2460 aetatem
1993 2398 2445 2476 nuncupant.
2515 2392 2629 2457 Ita

388 2502 612 2568 etiam
647 2521 691 2566 a
728 2503 1063 2567 veritatis
1087 2506 1160 2567 et
1173 2501 1503 2584 justitiae
1538 2501 1799 2565 semita
1827 2501 2260 2565 aberrarunt
2283 2499 2630 2583 gallicani

388 2614 462 2675 et
485 2610 910 2691 regalistae,
942 2612 1015 2673 et
1040 2609 1253 2673 hodie
1272 2609 1508 2673 adhuc
1536 2608 1800 2673 misere
1826 2612 1898 2671 et
1921 2608 2249 2671 luctuose
2280 2608 2630 2671 aberrant

386 2718 813 2801 profitentes
849 2720 1124 2783 sectam
1155 2719 1511 2783 liberalem
1574 2718 1798 2799 vulgo
1867 2716 2158 2799 dictam,
2196 2715 2318 2799 qui
2381 2732 2630 2780 omnes

388 2825 787 2890 arbitraria
823 2823 1157 2888 methodo
1188 2822 1696 2906 philosophica
1721 2823 1908 2905 fulti,
1946 2822 2502 2905 proficiscuntur
2537 2823 2629 2888 ab
2749 2860 2760 2871 ·

386 2933 555 2998 idea
589 2932 968 2998 Ecclesiae
1004 2930 1572 3015 praeconcepta,
1612 2932 1902 2997 omnino
1936 2932 2149 3009 falsa,
2211 2948 2398 3013 quae
2452 2930 2632 2995 indi-

388 3040 672 3107 viduali
706 3040 998 3105 criterio
1036 3046 1108 3104 et
1138 3040 1619 3122 praepostera
1660 3042 1902 3103 mente
1955 3038 2253 3102 inducta
2286 3038 2409 3102 vel
2462 3037 2634 3102 ficta

390 3154 501 3213 est
536 3147 632 3211 ad
662 3147 1111 3229 subjectivae
1147 3146 1471 3212 theorias
1502 3146 1978 3212 stabiliendas
2014 3149 2085 3209 et
2116 3144 2630 3228 propalandae,

390 3254 522 3319 sed
556 3254 849 3319 minime
883 3254 1178 3318 divinae
1212 3259 1525 3318 naturae
1588 3259 1661 3318 et
1716 3253 2244 3318 fundamentali
2292 3253 2633 3317 constitu-

386 3362 571 3427 tioni
606 3362 977 3427 societatis
1015 3380 1059 3425 a
1094 3360 1377 3426 Christo
1414 3362 1763 3426 fundatae
1797 3361 2142 3427 cohaeret
2203 3364 2420 3443 atque
2484 3377 2632 3425 res-

388 3469 687 3553 pondet.
2294 3522 2300 3527 ,

569 3576 675 3642 23.
768 3576 813 3641 J
818 3594 899 3641 us
935 3577 1365 3641 canonicum
1401 3595 1444 3640 a
1486 3576 1884 3659 Theologia
1917 3575 2352 3657 Dogmatica
2381 3578 2455 3637 et
2487 3574 2632 3638 Mo-

387 3683 531 3748 rali
563 3684 885 3749 historice
919 3689 990 3748 et
1016 3685 1227 3770 Zoqice
1255 3683 1817 3765 discriminatur,
1849 3684 1985 3748 hoc
2012 3686 2144 3764 est,
2173 3685 2325 3745 tum
2352 3681 2632 3745 ratione

389 3790 710 3874 oriqinis,
750 3792 901 3855 tum
935 3790 1225 3854 ratione
1258 3790 1525 3877 obJ‘ecti:
1558 3790 1881 3855 historice
1914 3808 2043 3855 seu
2081 3789 2366 3853 ratione
2428 3790 2633 3875 0νὶῃὶ-

388 3898 523 3978 nic,
560 3896 733 3979 quia
770 3897 1129 3978 ejusmodi
1166 3896 1619 3979 disciplinae,
1656 3900 1908 3988 utpote
1943 3895 2294 3960 scientiae
2345 3895 2634 3986 distinc-

388 4008 515 4068 tae
550 4008 624 4067 et
654 4008 1045 4086 separatae
1115 4003 1409 4068 diversa
1446 4007 1689 4067 aetate
1749 4007 1985 4068 ortum
2049 4003 2482 4083 habuerunt;
2543 4001 2632 4065 si-

390 4110 681 4194 quidem
718 4110 1116 4191 'I'heologia
1160 4110 1479 4193 positiva
1544 4115 1745 4175 certe
1805 4126 2034 4193 usque
2099 4109 2191 4173 ad
2257 4108 2633 4174 exordium

390 4218 847 4289 christianae
872 4218 1245 4299 religionis
1280 4220 1353 4281 et
1388 4218 1704 4283 maxime
1739 4217 1831 4282 ad
1864 4216 2295 4283 Sanctorum
2341 4216 2636 4281 Patrum
