<?xml version="1.0" encoding="UTF-8"?>
<!DOCTYPE html PUBLIC "-//W3C//DTD XHTML 1.0 Transitional//EN"
    "http://www.w3.org/TR/xhtml1/DTD/xhtml1-transitional.dtd">
<html xmlns="http://www.w3.org/1999/xhtml" xml:lang="en" lang="en">
 <head>
  <title>
</title>
<meta http-equiv="Content-Type" content="text/html;charset=utf-8" />
  <meta name='ocr-system' content='tesseract 3.04.00' />
  <meta name='ocr-capabilities' content='ocr_page ocr_carea ocr_par ocr_line ocrx_word'/>
</head>
<body>
  <div class='ocr_page' id='page_1' title='image "./introductioinju00ferngoog_0340.png"; bbox 0 0 3332 5100; ppageno 0'>
   <div class='ocr_carea' id='block_1_1' title="bbox 1731 362 2075 424">
    <p class='ocr_par' dir='ltr' id='par_1_1' title="bbox 1731 362 2075 424">
     <span class='ocr_line' id='line_1_1' title="bbox 1731 362 2075 424; baseline 0.006 -2"><span class='ocrx_word' id='word_1_1' title='bbox 1731 398 1791 406; x_wconf 92' lang='lat'>-</span> <span class='ocrx_word' id='word_1_2' title='bbox 1838 362 2075 424; x_wconf 80' lang='lat'>320—</span> 
     </span>
    </p>
   </div>
   <div class='ocr_carea' id='block_1_2' title="bbox 769 502 3030 4359">
    <p class='ocr_par' dir='ltr' id='par_1_2' title="bbox 769 502 3019 1208">
     <span class='ocr_line' id='line_1_2' title="bbox 771 502 3014 581; baseline 0 -17"><span class='ocrx_word' id='word_1_3' title='bbox 771 504 1156 564; x_wconf 89' lang='lat' dir='ltr'>libertatem</span> <span class='ocrx_word' id='word_1_4' title='bbox 1195 502 1682 580; x_wconf 86' lang='lat' dir='ltr'>promittentes,</span> <span class='ocrx_word' id='word_1_5' title='bbox 1708 522 1861 565; x_wconf 87' lang='lat' dir='ltr'>cum</span> <span class='ocrx_word' id='word_1_6' title='bbox 1882 507 2058 565; x_wconf 89' lang='lat' dir='ltr'>servi</span> <span class='ocrx_word' id='word_1_7' title='bbox 2085 506 2220 566; x_wconf 89' lang='lat' dir='ltr'>sint</span> <span class='ocrx_word' id='word_1_8' title='bbox 2251 505 2722 581; x_wconf 80' lang='lat' dir='ltr'>corruptionis,</span> <span class='ocrx_word' id='word_1_9' title='bbox 2753 504 3014 566; x_wconf 86' lang='lat' dir='ltr'>fallaci·</span> 
     </span>
     <span class='ocr_line' id='line_1_3' title="bbox 770 586 3015 661; baseline 0 -16"><span class='ocrx_word' id='word_1_10' title='bbox 770 586 897 645; x_wconf 91' lang='lat' dir='ltr'>bus</span> <span class='ocrx_word' id='word_1_11' title='bbox 927 587 1063 645; x_wconf 88' lang='lat' dir='ltr'>suis</span> <span class='ocrx_word' id='word_1_12' title='bbox 1093 586 1540 660; x_wconf 90' lang='lat' dir='ltr'>opinionibus,</span> <span class='ocrx_word' id='word_1_13' title='bbox 1576 594 1642 645; x_wconf 94' lang='lat' dir='ltr'>et</span> <span class='ocrx_word' id='word_1_14' title='bbox 1673 587 2259 661; x_wconf 79' lang='lat' dir='ltr'>perniciosissimis</span> <span class='ocrx_word' id='word_1_15' title='bbox 2305 587 2597 661; x_wconf 90' lang='lat' dir='ltr'>scriptis,</span> <span class='ocrx_word' id='word_1_16' title='bbox 2637 587 3015 646; x_wconf 89' lang='lat' dir='ltr'>catholicae</span> 
     </span>
     <span class='ocr_line' id='line_1_4' title="bbox 769 667 3016 742; baseline 0 -17"><span class='ocrx_word' id='word_1_17' title='bbox 769 667 1119 742; x_wconf 87' lang='lat' dir='ltr'>religionis</span> <span class='ocrx_word' id='word_1_18' title='bbox 1167 667 1522 741; x_wconf 88' lang='lat' dir='ltr'>civilisque</span> <span class='ocrx_word' id='word_1_19' title='bbox 1572 668 1915 726; x_wconf 88' lang='lat' dir='ltr'>societatis</span> <span class='ocrx_word' id='word_1_20' title='bbox 1945 668 2388 726; x_wconf 85' lang='lat' dir='ltr'>fundamenta</span> <span class='ocrx_word' id='word_1_21' title='bbox 2421 668 2831 739; x_wconf 87' lang='lat' dir='ltr'>convellere,</span> <span class='ocrx_word' id='word_1_22' title='bbox 2883 683 3016 725; x_wconf 89' lang='lat' dir='ltr'>om·</span> 
     </span>
     <span class='ocr_line' id='line_1_5' title="bbox 769 748 3016 821; baseline 0 -15"><span class='ocrx_word' id='word_1_23' title='bbox 769 764 1057 820; x_wconf 82' lang='lat' dir='ltr'>nemque</span> <span class='ocrx_word' id='word_1_24' title='bbox 1082 751 1402 805; x_wconf 88' lang='lat' dir='ltr'>virtutem</span> <span class='ocrx_word' id='word_1_25' title='bbox 1433 764 1513 806; x_wconf 90' lang='lat' dir='ltr'>ac</span> <span class='ocrx_word' id='word_1_26' title='bbox 1546 748 1882 821; x_wconf 59' lang='lat' dir='ltr'>,iustitiam</span> <span class='ocrx_word' id='word_1_27' title='bbox 1914 749 1997 805; x_wconf 88' lang='lat' dir='ltr'>de</span> <span class='ocrx_word' id='word_1_28' title='bbox 2049 748 2266 805; x_wconf 89' lang='lat' dir='ltr'>medio</span> <span class='ocrx_word' id='word_1_29' title='bbox 2294 749 2551 818; x_wconf 87' lang='lat' dir='ltr'>tollere,</span> <span class='ocrx_word' id='word_1_30' title='bbox 2589 749 3016 820; x_wconf 85' lang='lat' dir='ltr'>omniumque</span> 
     </span>
     <span class='ocr_line' id='line_1_6' title="bbox 774 828 3016 903; baseline -0 -16"><span class='ocrx_word' id='word_1_31' title='bbox 774 830 1031 887; x_wconf 83' lang='lat' dir='ltr'>animos</span> <span class='ocrx_word' id='word_1_32' title='bbox 1086 837 1480 902; x_wconf 85' lang='lat' dir='ltr'>mentesque</span> <span class='ocrx_word' id='word_1_33' title='bbox 1542 828 1944 903; x_wconf 90' lang='lat' dir='ltr'>depravare,</span> <span class='ocrx_word' id='word_1_34' title='bbox 2006 835 2074 886; x_wconf 92' lang='lat' dir='ltr'>et</span> <span class='ocrx_word' id='word_1_35' title='bbox 2131 828 2440 886; x_wconf 88' lang='lat' dir='ltr'>incautos</span> <span class='ocrx_word' id='word_1_36' title='bbox 2499 828 3016 902; x_wconf 87' lang='lat' dir='ltr'>imperit-amque</span> 
     </span>
     <span class='ocr_line' id='line_1_7' title="bbox 771 908 3017 984; baseline 0 -18"><span class='ocrx_word' id='word_1_37' title='bbox 771 908 1171 982; x_wconf 89' lang='lat' dir='ltr'>praesertim</span> <span class='ocrx_word' id='word_1_38' title='bbox 1195 908 1621 981; x_wconf 68' lang='lat' dir='ltr'>,iuventutem</span> <span class='ocrx_word' id='word_1_39' title='bbox 1648 925 1688 966; x_wconf 87' lang='lat' dir='ltr'>a</span> <span class='ocrx_word' id='word_1_40' title='bbox 1737 914 1926 967; x_wconf 90' lang='lat' dir='ltr'>recta</span> <span class='ocrx_word' id='word_1_41' title='bbox 1957 924 2214 967; x_wconf 91' lang='lat' dir='ltr'>morum</span> <span class='ocrx_word' id='word_1_42' title='bbox 2264 908 2626 981; x_wconf 79' lang='lat' dir='ltr'>disciplina</span> <span class='ocrx_word' id='word_1_43' title='bbox 2682 916 3017 984; x_wconf 86' lang='lat' dir='ltr'>avertere,</span> 
     </span>
     <span class='ocr_line' id='line_1_8' title="bbox 774 988 3015 1063; baseline 0 -16"><span class='ocrx_word' id='word_1_44' title='bbox 774 1003 1056 1061; x_wconf 88' lang='lat' dir='ltr'>eamque</span> <span class='ocrx_word' id='word_1_45' title='bbox 1088 988 1567 1048; x_wconf 79' lang='lat' dir='ltr'>miserabiliter</span> <span class='ocrx_word' id='word_1_46' title='bbox 1591 1003 2046 1062; x_wconf 88' lang='lat' dir='ltr'>corrumpere,</span> <span class='ocrx_word' id='word_1_47' title='bbox 2073 989 2142 1047; x_wconf 91' lang='lat' dir='ltr'>in</span> <span class='ocrx_word' id='word_1_48' title='bbox 2167 989 2417 1047; x_wconf 84' lang='lat' dir='ltr'>erroris</span> <span class='ocrx_word' id='word_1_49' title='bbox 2441 988 2719 1063; x_wconf 85' lang='lat' dir='ltr'>laqueos</span> <span class='ocrx_word' id='word_1_50' title='bbox 2742 989 3015 1047; x_wconf 89' lang='lat' dir='ltr'>induce-</span> 
     </span>
     <span class='ocr_line' id='line_1_9' title="bbox 772 1068 3019 1143; baseline 0 -16"><span class='ocrx_word' id='word_1_51' title='bbox 772 1085 869 1143; x_wconf 91' lang='lat' dir='ltr'>re,</span> <span class='ocrx_word' id='word_1_52' title='bbox 903 1085 985 1127; x_wconf 88' lang='lat' dir='ltr'>ac</span> <span class='ocrx_word' id='word_1_53' title='bbox 1017 1069 1291 1135; x_wconf 85' lang='lat' dir='ltr'>tandem</span> <span class='ocrx_word' id='word_1_54' title='bbox 1319 1069 1405 1128; x_wconf 88' lang='lat' dir='ltr'>ab</span> <span class='ocrx_word' id='word_1_55' title='bbox 1435 1069 1784 1128; x_wconf 75' lang='lat' dir='ltr'>Ecclesiae</span> <span class='ocrx_word' id='word_1_56' title='bbox 1816 1069 2193 1128; x_wconf 89' lang='lat' dir='ltr'>catholicae</span> <span class='ocrx_word' id='word_1_57' title='bbox 2240 1068 2394 1130; x_wconf 89' lang='lat' dir='ltr'>sinu</span> <span class='ocrx_word' id='word_1_58' title='bbox 2433 1069 2734 1129; x_wconf 89' lang='lat' dir='ltr'>avellere</span> <span class='ocrx_word' id='word_1_59' title='bbox 2791 1068 3019 1128; x_wconf 84' lang='lat' dir='ltr'>eonati</span> 
     </span>
     <span class='ocr_line' id='line_1_10' title="bbox 771 1156 1681 1208; baseline -0.005 0"><span class='ocrx_word' id='word_1_60' title='bbox 771 1156 946 1208; x_wconf 89' lang='lat' dir='ltr'>sunt.</span> <span class='ocrx_word' id='word_1_61' title='bbox 1674 1196 1681 1203; x_wconf 93' lang='lat'>.</span> 
     </span>
    </p>

    <p class='ocr_par' dir='ltr' id='par_1_3' title="bbox 770 1227 3030 3378">
     <span class='ocr_line' id='line_1_11' title="bbox 931 1227 3019 1304; baseline -0.001 -15"><span class='ocrx_word' id='word_1_62' title='bbox 931 1229 977 1289; x_wconf 90' lang='lat' dir='ltr'><strong>J</strong></span> <span class='ocrx_word' id='word_1_63' title='bbox 979 1245 1090 1288; x_wconf 89' lang='lat' dir='ltr'>am</span> <span class='ocrx_word' id='word_1_64' title='bbox 1110 1244 1296 1303; x_wconf 85' lang='lat' dir='ltr'>vere,</span> <span class='ocrx_word' id='word_1_65' title='bbox 1312 1229 1412 1289; x_wconf 90' lang='lat' dir='ltr'>uti</span> <span class='ocrx_word' id='word_1_66' title='bbox 1432 1228 1661 1302; x_wconf 85' lang='lat' dir='ltr'>Vobis,</span> <span class='ocrx_word' id='word_1_67' title='bbox 1684 1228 2127 1289; x_wconf 88' lang='lat' dir='ltr'>Venerabiles</span> <span class='ocrx_word' id='word_1_68' title='bbox 2142 1228 2438 1303; x_wconf 83' lang='lat' dir='ltr'>Fratres,</span> <span class='ocrx_word' id='word_1_69' title='bbox 2463 1227 2765 1304; x_wconf 83' lang='lat' dir='ltr'>apprime</span> <span class='ocrx_word' id='word_1_70' title='bbox 2787 1236 3019 1289; x_wconf 92' lang='lat' dir='ltr'>notum</span> 
     </span>
     <span class='ocr_line' id='line_1_12' title="bbox 773 1309 3019 1384; baseline -0 -16"><span class='ocrx_word' id='word_1_71' title='bbox 773 1316 895 1382; x_wconf 89' lang='lat' dir='ltr'>est,</span> <span class='ocrx_word' id='word_1_72' title='bbox 917 1309 1052 1368; x_wconf 90' lang='lat' dir='ltr'>Nos</span> <span class='ocrx_word' id='word_1_73' title='bbox 1075 1309 1198 1368; x_wconf 91' lang='lat' dir='ltr'>vix</span> <span class='ocrx_word' id='word_1_74' title='bbox 1221 1311 1379 1368; x_wconf 93' lang='lat' dir='ltr'>dum</span> <span class='ocrx_word' id='word_1_75' title='bbox 1398 1324 1648 1368; x_wconf 84' lang='lat' dir='ltr'>arcano</span> <span class='ocrx_word' id='word_1_76' title='bbox 1677 1310 1951 1369; x_wconf 88' lang='lat' dir='ltr'>divinae</span> <span class='ocrx_word' id='word_1_77' title='bbox 1974 1309 2451 1369; x_wconf 84' lang='lat' dir='ltr'>Providentiae</span> <span class='ocrx_word' id='word_1_78' title='bbox 2479 1310 2782 1384; x_wconf 83' lang='lat' dir='ltr'>consiliO,</span> <span class='ocrx_word' id='word_1_79' title='bbox 2816 1310 3019 1369; x_wconf 90' lang='lat' dir='ltr'>nullis</span> 
     </span>
     <span class='ocr_line' id='line_1_13' title="bbox 773 1388 3021 1463; baseline -0 -14"><span class='ocrx_word' id='word_1_80' title='bbox 773 1396 958 1450; x_wconf 90' lang='lat' dir='ltr'>certe</span> <span class='ocrx_word' id='word_1_81' title='bbox 1004 1390 1265 1449; x_wconf 88' lang='lat' dir='ltr'>Nostris</span> <span class='ocrx_word' id='word_1_82' title='bbox 1297 1390 1575 1463; x_wconf 91' lang='lat' dir='ltr'>meritis,</span> <span class='ocrx_word' id='word_1_83' title='bbox 1622 1391 1711 1449; x_wconf 88' lang='lat' dir='ltr'>ad</span> <span class='ocrx_word' id='word_1_84' title='bbox 1740 1391 1915 1448; x_wconf 84' lang='lat' dir='ltr'>hanc</span> <span class='ocrx_word' id='word_1_85' title='bbox 1960 1390 2144 1449; x_wconf 90' lang='lat' dir='ltr'>Petri</span> <span class='ocrx_word' id='word_1_86' title='bbox 2179 1388 2584 1449; x_wconf 87' lang='lat' dir='ltr'>Cathedram</span> <span class='ocrx_word' id='word_1_87' title='bbox 2627 1390 2852 1448; x_wconf 89' lang='lat' dir='ltr'>evecti</span> <span class='ocrx_word' id='word_1_88' title='bbox 2893 1391 3021 1448; x_wconf 88' lang='lat' dir='ltr'>fui·</span> 
     </span>
     <span class='ocr_line' id='line_1_14' title="bbox 773 1470 3022 1543; baseline 0 -14"><span class='ocrx_word' id='word_1_89' title='bbox 773 1487 943 1543; x_wconf 91' lang='lat' dir='ltr'>mus,</span> <span class='ocrx_word' id='word_1_90' title='bbox 972 1486 1126 1528; x_wconf 90' lang='lat' dir='ltr'>cum</span> <span class='ocrx_word' id='word_1_91' title='bbox 1152 1470 1535 1530; x_wconf 91' lang='lat' dir='ltr'>videremus</span> <span class='ocrx_word' id='word_1_92' title='bbox 1567 1486 1824 1530; x_wconf 90' lang='lat' dir='ltr'>summo</span> <span class='ocrx_word' id='word_1_93' title='bbox 1875 1471 2083 1529; x_wconf 88' lang='lat' dir='ltr'>animi</span> <span class='ocrx_word' id='word_1_94' title='bbox 2113 1470 2340 1530; x_wconf 87' lang='lat' dir='ltr'>Nostri</span> <span class='ocrx_word' id='word_1_95' title='bbox 2370 1471 2601 1529; x_wconf 89' lang='lat' dir='ltr'>dolore</span> <span class='ocrx_word' id='word_1_96' title='bbox 2628 1470 3022 1529; x_wconf 89' lang='lat' dir='ltr'>horribilem</span> 
     </span>
     <span class='ocr_line' id='line_1_15' title="bbox 773 1551 3020 1626; baseline 0 -17"><span class='ocrx_word' id='word_1_97' title='bbox 773 1568 934 1609; x_wconf 87' lang='lat' dir='ltr'>sane</span> <span class='ocrx_word' id='word_1_98' title='bbox 957 1551 1326 1625; x_wconf 85' lang='lat' dir='ltr'>procellam</span> <span class='ocrx_word' id='word_1_99' title='bbox 1362 1557 1458 1609; x_wconf 93' lang='lat' dir='ltr'>tot</span> <span class='ocrx_word' id='word_1_100' title='bbox 1501 1552 1731 1625; x_wconf 89' lang='lat' dir='ltr'>pravis</span> <span class='ocrx_word' id='word_1_101' title='bbox 1777 1551 2205 1625; x_wconf 86' lang='lat' dir='ltr'>opinionibus</span> <span class='ocrx_word' id='word_1_102' title='bbox 2237 1551 2628 1623; x_wconf 85' lang='lat' dir='ltr'>excitatam,</span> <span class='ocrx_word' id='word_1_103' title='bbox 2667 1556 2734 1609; x_wconf 91' lang='lat' dir='ltr'>et</span> <span class='ocrx_word' id='word_1_104' title='bbox 2761 1551 3020 1626; x_wconf 87' lang='lat' dir='ltr'>gravis·</span> 
     </span>
     <span class='ocr_line' id='line_1_16' title="bbox 772 1631 3021 1705; baseline 0 -16"><span class='ocrx_word' id='word_1_105' title='bbox 772 1632 962 1702; x_wconf 90' lang='lat' dir='ltr'>sima,</span> <span class='ocrx_word' id='word_1_106' title='bbox 990 1648 1071 1689; x_wconf 88' lang='lat' dir='ltr'>ac</span> <span class='ocrx_word' id='word_1_107' title='bbox 1094 1648 1442 1705; x_wconf 86' lang='lat' dir='ltr'>nunquam</span> <span class='ocrx_word' id='word_1_108' title='bbox 1465 1631 1629 1689; x_wconf 89' lang='lat' dir='ltr'>satis</span> <span class='ocrx_word' id='word_1_109' title='bbox 1652 1632 1951 1704; x_wconf 77' lang='lat' dir='ltr'>lugenda</span> <span class='ocrx_word' id='word_1_110' title='bbox 1976 1633 2243 1704; x_wconf 88' lang='lat' dir='ltr'>damna,</span> <span class='ocrx_word' id='word_1_111' title='bbox 2275 1647 2448 1704; x_wconf 89' lang='lat' dir='ltr'>quae</span> <span class='ocrx_word' id='word_1_112' title='bbox 2478 1631 2548 1689; x_wconf 91' lang='lat' dir='ltr'>in</span> <span class='ocrx_word' id='word_1_113' title='bbox 2576 1631 3021 1689; x_wconf 89' lang='lat' dir='ltr'>christianum</span> 
     </span>
     <span class='ocr_line' id='line_1_17' title="bbox 771 1711 3022 1786; baseline -0.001 -16"><span class='ocrx_word' id='word_1_114' title='bbox 771 1712 1091 1786; x_wconf 89' lang='lat' dir='ltr'>populum</span> <span class='ocrx_word' id='word_1_115' title='bbox 1123 1727 1211 1769; x_wconf 88' lang='lat' dir='ltr'>ex</span> <span class='ocrx_word' id='word_1_116' title='bbox 1236 1718 1332 1769; x_wconf 86' lang='lat' dir='ltr'>tot</span> <span class='ocrx_word' id='word_1_117' title='bbox 1359 1712 1702 1770; x_wconf 87' lang='lat' dir='ltr'>erroribus</span> <span class='ocrx_word' id='word_1_118' title='bbox 1754 1712 2157 1785; x_wconf 89' lang='lat' dir='ltr'>redundant,</span> <span class='ocrx_word' id='word_1_119' title='bbox 2194 1728 2312 1786; x_wconf 90' lang='lat' dir='ltr'>pro</span> <span class='ocrx_word' id='word_1_120' title='bbox 2363 1712 2734 1782; x_wconf 85' lang='lat' dir='ltr'>Apostolici</span> <span class='ocrx_word' id='word_1_121' title='bbox 2792 1711 3022 1769; x_wconf 88' lang='lat' dir='ltr'>Nostri</span> 
     </span>
     <span class='ocr_line' id='line_1_18' title="bbox 771 1792 3020 1865; baseline -0 -15"><span class='ocrx_word' id='word_1_122' title='bbox 771 1792 1126 1851; x_wconf 88' lang='lat' dir='ltr'>Ministerii</span> <span class='ocrx_word' id='word_1_123' title='bbox 1172 1792 1418 1865; x_wconf 87' lang='lat' dir='ltr'>officio,</span> <span class='ocrx_word' id='word_1_124' title='bbox 1451 1792 1742 1851; x_wconf 83' lang='lat' dir='ltr'>illustria</span> <span class='ocrx_word' id='word_1_125' title='bbox 1791 1792 2362 1851; x_wconf 88' lang='lat' dir='ltr'>Praedecesorum</span> <span class='ocrx_word' id='word_1_126' title='bbox 2393 1792 2786 1850; x_wconf 90' lang='lat' dir='ltr'>Nostrorum</span> <span class='ocrx_word' id='word_1_127' title='bbox 2823 1792 3020 1851; x_wconf 88' lang='lat' dir='ltr'>vesti·</span> 
     </span>
     <span class='ocr_line' id='line_1_19' title="bbox 772 1872 3021 1947; baseline -0 -17"><span class='ocrx_word' id='word_1_128' title='bbox 772 1874 887 1947; x_wconf 87' lang='lat' dir='ltr'>gia</span> <span class='ocrx_word' id='word_1_129' title='bbox 918 1879 1276 1946; x_wconf 84' lang='lat' dir='ltr'>sectantes,</span> <span class='ocrx_word' id='word_1_130' title='bbox 1310 1872 1621 1930; x_wconf 88' lang='lat' dir='ltr'>Nostram</span> <span class='ocrx_word' id='word_1_131' title='bbox 1654 1873 2018 1931; x_wconf 85' lang='lat' dir='ltr'>extulimus</span> <span class='ocrx_word' id='word_1_132' title='bbox 2049 1888 2307 1944; x_wconf 88' lang='lat' dir='ltr'>vocem,</span> <span class='ocrx_word' id='word_1_133' title='bbox 2343 1889 2424 1930; x_wconf 86' lang='lat' dir='ltr'>ac</span> <span class='ocrx_word' id='word_1_134' title='bbox 2451 1872 2756 1945; x_wconf 90' lang='lat' dir='ltr'>pluribus</span> <span class='ocrx_word' id='word_1_135' title='bbox 2783 1873 2852 1930; x_wconf 92' lang='lat' dir='ltr'>in</span> <span class='ocrx_word' id='word_1_136' title='bbox 2877 1873 3021 1931; x_wconf 91' lang='lat' dir='ltr'>vul-</span> 
     </span>
     <span class='ocr_line' id='line_1_20' title="bbox 771 1950 3022 2027; baseline -0 -15"><span class='ocrx_word' id='word_1_137' title='bbox 771 1970 897 2027; x_wconf 87' lang='lat' dir='ltr'>gus</span> <span class='ocrx_word' id='word_1_138' title='bbox 924 1953 1122 2011; x_wconf 89' lang='lat' dir='ltr'>editis</span> <span class='ocrx_word' id='word_1_139' title='bbox 1154 1952 1539 2026; x_wconf 87' lang='lat' dir='ltr'>Encyclicis</span> <span class='ocrx_word' id='word_1_140' title='bbox 1573 1953 1889 2027; x_wconf 89' lang='lat' dir='ltr'>Epistolis</span> <span class='ocrx_word' id='word_1_141' title='bbox 1918 1962 1985 2011; x_wconf 88' lang='lat' dir='ltr'>et</span> <span class='ocrx_word' id='word_1_142' title='bbox 2014 1953 2553 2012; x_wconf 88' lang='lat' dir='ltr'>Allocutionibus</span> <span class='ocrx_word' id='word_1_143' title='bbox 2585 1952 2656 2010; x_wconf 90' lang='lat' dir='ltr'>in</span> <span class='ocrx_word' id='word_1_144' title='bbox 2685 1950 3022 2011; x_wconf 86' lang='lat' dir='ltr'>Consisto·</span> 
     </span>
     <span class='ocr_line' id='line_1_21' title="bbox 770 2032 3024 2107; baseline 0 -16"><span class='ocrx_word' id='word_1_145' title='bbox 770 2035 871 2091; x_wconf 91' lang='lat' dir='ltr'>rio</span> <span class='ocrx_word' id='word_1_146' title='bbox 897 2034 1168 2104; x_wconf 88' lang='lat' dir='ltr'>habitis,</span> <span class='ocrx_word' id='word_1_147' title='bbox 1208 2033 1494 2106; x_wconf 89' lang='lat' dir='ltr'>aliisque</span> <span class='ocrx_word' id='word_1_148' title='bbox 1517 2033 1925 2107; x_wconf 90' lang='lat' dir='ltr'>Apostolicis</span> <span class='ocrx_word' id='word_1_149' title='bbox 1954 2032 2249 2105; x_wconf 86' lang='lat' dir='ltr'>Litteris,</span> <span class='ocrx_word' id='word_1_150' title='bbox 2286 2033 2688 2107; x_wconf 90' lang='lat' dir='ltr'>praecipuos</span> <span class='ocrx_word' id='word_1_151' title='bbox 2718 2032 3024 2091; x_wconf 88' lang='lat' dir='ltr'>tristissi-</span> 
     </span>
     <span class='ocr_line' id='line_1_22' title="bbox 771 2114 3026 2187; baseline -0 -15"><span class='ocrx_word' id='word_1_152' title='bbox 771 2130 920 2172; x_wconf 89' lang='lat' dir='ltr'>mae</span> <span class='ocrx_word' id='word_1_153' title='bbox 934 2119 1200 2172; x_wconf 87' lang='lat' dir='ltr'>nostrae</span> <span class='ocrx_word' id='word_1_154' title='bbox 1215 2114 1459 2172; x_wconf 88' lang='lat' dir='ltr'>aetatis</span> <span class='ocrx_word' id='word_1_155' title='bbox 1478 2129 1739 2171; x_wconf 87' lang='lat' dir='ltr'>errores</span> <span class='ocrx_word' id='word_1_156' title='bbox 1756 2114 2707 2187; x_wconf 86' lang='lat' dir='ltr'>damnavimus,eximiamque</span> <span class='ocrx_word' id='word_1_157' title='bbox 2724 2121 3026 2172; x_wconf 88' lang='lat' dir='ltr'>vestram</span> 
     </span>
     <span class='ocr_line' id='line_1_23' title="bbox 772 2194 3022 2267; baseline -0 -14"><span class='ocrx_word' id='word_1_158' title='bbox 772 2194 1228 2267; x_wconf 89' lang='lat' dir='ltr'>episcopalem</span> <span class='ocrx_word' id='word_1_159' title='bbox 1273 2194 1702 2265; x_wconf 74' lang='lat' dir='ltr'>vigilantiam</span> <span class='ocrx_word' id='word_1_160' title='bbox 1732 2194 2205 2267; x_wconf 86' lang='lat' dir='ltr'>excitavimus,</span> <span class='ocrx_word' id='word_1_161' title='bbox 2236 2200 2303 2252; x_wconf 92' lang='lat' dir='ltr'>et</span> <span class='ocrx_word' id='word_1_162' title='bbox 2341 2194 2695 2253; x_wconf 88' lang='lat' dir='ltr'>universos</span> <span class='ocrx_word' id='word_1_163' title='bbox 2736 2194 3022 2252; x_wconf 86' lang='lat' dir='ltr'>catholi-</span> 
     </span>
     <span class='ocr_line' id='line_1_24' title="bbox 774 2273 3026 2347; baseline 0 -16"><span class='ocrx_word' id='word_1_164' title='bbox 774 2289 894 2331; x_wconf 87' lang='lat' dir='ltr'>cae</span> <span class='ocrx_word' id='word_1_165' title='bbox 948 2273 1298 2332; x_wconf 86' lang='lat' dir='ltr'>Ecclesiae</span> <span class='ocrx_word' id='word_1_166' title='bbox 1348 2273 1556 2333; x_wconf 88' lang='lat' dir='ltr'>Nobis</span> <span class='ocrx_word' id='word_1_167' title='bbox 1620 2274 2005 2333; x_wconf 88' lang='lat' dir='ltr'>carissimos</span> <span class='ocrx_word' id='word_1_168' title='bbox 2057 2275 2229 2333; x_wconf 89' lang='lat' dir='ltr'>filios</span> <span class='ocrx_word' id='word_1_169' title='bbox 2286 2275 2492 2333; x_wconf 88' lang='lat' dir='ltr'>etiam</span> <span class='ocrx_word' id='word_1_170' title='bbox 2549 2279 2754 2347; x_wconf 88' lang='lat' dir='ltr'>atque</span> <span class='ocrx_word' id='word_1_171' title='bbox 2812 2275 3026 2333; x_wconf 89' lang='lat' dir='ltr'>etiam</span> 
     </span>
     <span class='ocr_line' id='line_1_25' title="bbox 772 2354 3024 2429; baseline 0.001 -17"><span class='ocrx_word' id='word_1_172' title='bbox 772 2354 1148 2413; x_wconf 91' lang='lat' dir='ltr'>monuimus</span> <span class='ocrx_word' id='word_1_173' title='bbox 1180 2361 1246 2411; x_wconf 92' lang='lat' dir='ltr'>et</span> <span class='ocrx_word' id='word_1_174' title='bbox 1278 2354 1618 2412; x_wconf 88' lang='lat' dir='ltr'>exhortati</span> <span class='ocrx_word' id='word_1_175' title='bbox 1642 2371 1894 2426; x_wconf 74' lang='lat' dir='ltr'>sumuS,</span> <span class='ocrx_word' id='word_1_176' title='bbox 1929 2362 2003 2413; x_wconf 89' lang='lat' dir='ltr'>ut</span> <span class='ocrx_word' id='word_1_177' title='bbox 2028 2361 2164 2412; x_wconf 88' lang='lat' dir='ltr'>tam</span> <span class='ocrx_word' id='word_1_178' title='bbox 2189 2354 2378 2414; x_wconf 88' lang='lat' dir='ltr'>dirae</span> <span class='ocrx_word' id='word_1_179' title='bbox 2434 2354 2754 2427; x_wconf 86' lang='lat' dir='ltr'>contagia</span> <span class='ocrx_word' id='word_1_180' title='bbox 2809 2356 3024 2429; x_wconf 88' lang='lat' dir='ltr'>pestis</span> 
     </span>
     <span class='ocr_line' id='line_1_26' title="bbox 775 2434 3026 2509; baseline 0 -17"><span class='ocrx_word' id='word_1_181' title='bbox 775 2435 1042 2493; x_wconf 90' lang='lat' dir='ltr'>omnino</span> <span class='ocrx_word' id='word_1_182' title='bbox 1075 2435 1428 2493; x_wconf 89' lang='lat' dir='ltr'>horrerent</span> <span class='ocrx_word' id='word_1_183' title='bbox 1452 2443 1519 2493; x_wconf 89' lang='lat' dir='ltr'>et</span> <span class='ocrx_word' id='word_1_184' title='bbox 1548 2435 1956 2493; x_wconf 84' lang='lat' dir='ltr'>devitarent.</span> <span class='ocrx_word' id='word_1_185' title='bbox 1987 2435 2085 2492; x_wconf 88' lang='lat' dir='ltr'>Ac</span> <span class='ocrx_word' id='word_1_186' title='bbox 2107 2435 2506 2509; x_wconf 89' lang='lat' dir='ltr'>praesertim</span> <span class='ocrx_word' id='word_1_187' title='bbox 2525 2434 2771 2493; x_wconf 89' lang='lat' dir='ltr'>Nostra</span> <span class='ocrx_word' id='word_1_188' title='bbox 2804 2436 3026 2509; x_wconf 90' lang='lat' dir='ltr'>prima</span> 
     </span>
     <span class='ocr_line' id='line_1_27' title="bbox 770 2514 3022 2590; baseline 0 -16"><span class='ocrx_word' id='word_1_189' title='bbox 770 2515 1143 2590; x_wconf 87' lang='lat' dir='ltr'>Encyclica</span> <span class='ocrx_word' id='word_1_190' title='bbox 1168 2514 1491 2589; x_wconf 85' lang='lat' dir='ltr'>Epistola,</span> <span class='ocrx_word' id='word_1_191' title='bbox 1523 2516 1631 2574; x_wconf 91' lang='lat' dir='ltr'>die</span> <span class='ocrx_word' id='word_1_192' title='bbox 1657 2516 1693 2575; x_wconf 87' lang='lat'>9</span> <span class='ocrx_word' id='word_1_193' title='bbox 1717 2516 2104 2575; x_wconf 90' lang='lat' dir='ltr'>novembris</span> <span class='ocrx_word' id='word_1_194' title='bbox 2128 2532 2302 2576; x_wconf 91' lang='lat' dir='ltr'>anno</span> <span class='ocrx_word' id='word_1_195' title='bbox 2330 2516 2486 2575; x_wconf 86' lang='grc'>1846</span> <span class='ocrx_word' id='word_1_196' title='bbox 2508 2514 2717 2576; x_wconf 92' lang='lat' dir='ltr'>Vobis</span> <span class='ocrx_word' id='word_1_197' title='bbox 2742 2516 3022 2590; x_wconf 88' lang='lat' dir='ltr'>scripta,</span> 
     </span>
     <span class='ocr_line' id='line_1_28' title="bbox 770 2596 3026 2670; baseline 0 -16"><span class='ocrx_word' id='word_1_198' title='bbox 770 2596 1085 2670; x_wconf 90' lang='lat' dir='ltr'>binisque</span> <span class='ocrx_word' id='word_1_199' title='bbox 1143 2597 1705 2669; x_wconf 80' lang='lat' dir='ltr'>AllocutionibuS,</span> <span class='ocrx_word' id='word_1_200' title='bbox 1770 2613 2054 2670; x_wconf 92' lang='lat' dir='ltr'>quarum</span> <span class='ocrx_word' id='word_1_201' title='bbox 2114 2598 2333 2654; x_wconf 90' lang='lat' dir='ltr'>altera</span> <span class='ocrx_word' id='word_1_202' title='bbox 2385 2596 2494 2654; x_wconf 92' lang='lat' dir='ltr'>die</span> <span class='ocrx_word' id='word_1_203' title='bbox 2550 2598 2585 2655; x_wconf 90' lang='grc'><strong>9</strong></span> <span class='ocrx_word' id='word_1_204' title='bbox 2639 2597 3026 2655; x_wconf 89' lang='lat' dir='ltr'>decembris</span> 
     </span>
     <span class='ocr_line' id='line_1_29' title="bbox 772 2675 3026 2750; baseline 0 -15"><span class='ocrx_word' id='word_1_205' title='bbox 772 2692 948 2735; x_wconf 88' lang='lat' dir='ltr'>anno</span> <span class='ocrx_word' id='word_1_206' title='bbox 983 2678 1159 2749; x_wconf 82' lang='lat'>1854,</span> <span class='ocrx_word' id='word_1_207' title='bbox 1189 2677 1406 2736; x_wconf 90' lang='lat' dir='ltr'>altera</span> <span class='ocrx_word' id='word_1_208' title='bbox 1437 2692 1597 2735; x_wconf 89' lang='lat' dir='ltr'>vero</span> <span class='ocrx_word' id='word_1_209' title='bbox 1631 2679 1665 2735; x_wconf 88' lang='lat'>9</span> <span class='ocrx_word' id='word_1_210' title='bbox 1684 2677 1858 2750; x_wconf 74' lang='lat' dir='ltr'>Junii</span> <span class='ocrx_word' id='word_1_211' title='bbox 1904 2693 2078 2736; x_wconf 88' lang='lat' dir='ltr'>anno</span> <span class='ocrx_word' id='word_1_212' title='bbox 2111 2677 2264 2736; x_wconf 82' lang='lat'>1862</span> <span class='ocrx_word' id='word_1_213' title='bbox 2297 2677 2364 2735; x_wconf 89' lang='lat' dir='ltr'>in</span> <span class='ocrx_word' id='word_1_214' title='bbox 2391 2675 2799 2736; x_wconf 76' lang='lat' dir='ltr'>consistorio</span> <span class='ocrx_word' id='word_1_215' title='bbox 2832 2693 2873 2735; x_wconf 90' lang='lat' dir='ltr'>a</span> <span class='ocrx_word' id='word_1_216' title='bbox 2900 2677 3026 2735; x_wconf 90' lang='lat' dir='ltr'>No-</span> 
     </span>
     <span class='ocr_line' id='line_1_30' title="bbox 773 2757 3022 2832; baseline 0.001 -18"><span class='ocrx_word' id='word_1_217' title='bbox 773 2758 877 2815; x_wconf 92' lang='lat' dir='ltr'>bis</span> <span class='ocrx_word' id='word_1_218' title='bbox 894 2757 1126 2815; x_wconf 89' lang='lat' dir='ltr'>habita</span> <span class='ocrx_word' id='word_1_219' title='bbox 1149 2757 1302 2830; x_wconf 88' lang='lat' dir='ltr'>fuit,</span> <span class='ocrx_word' id='word_1_220' title='bbox 1333 2766 1756 2816; x_wconf 87' lang='lat' dir='ltr'>monstruosa</span> <span class='ocrx_word' id='word_1_221' title='bbox 1783 2758 2171 2832; x_wconf 89' lang='lat' dir='ltr'>opinionum</span> <span class='ocrx_word' id='word_1_222' title='bbox 2193 2765 2504 2832; x_wconf 89' lang='lat' dir='ltr'>portenta</span> <span class='ocrx_word' id='word_1_223' title='bbox 2527 2758 3022 2825; x_wconf 86' lang='lat' dir='ltr'>damnavimus,</span> 
     </span>
     <span class='ocr_line' id='line_1_31' title="bbox 774 2838 3023 2911; baseline 0 -16"><span class='ocrx_word' id='word_1_224' title='bbox 774 2853 948 2911; x_wconf 88' lang='lat' dir='ltr'>quae</span> <span class='ocrx_word' id='word_1_225' title='bbox 981 2838 1108 2896; x_wconf 90' lang='lat' dir='ltr'>hac</span> <span class='ocrx_word' id='word_1_226' title='bbox 1132 2838 1550 2911; x_wconf 88' lang='lat' dir='ltr'>potissimum</span> <span class='ocrx_word' id='word_1_227' title='bbox 1581 2845 1806 2896; x_wconf 88' lang='lat' dir='ltr'>aetate</span> <span class='ocrx_word' id='word_1_228' title='bbox 1839 2854 1992 2896; x_wconf 91' lang='lat' dir='ltr'>cum</span> <span class='ocrx_word' id='word_1_229' title='bbox 2023 2839 2315 2896; x_wconf 86' lang='lat' dir='ltr'>maximo</span> <span class='ocrx_word' id='word_1_230' title='bbox 2349 2838 2727 2896; x_wconf 89' lang='lat' dir='ltr'>animarum</span> <span class='ocrx_word' id='word_1_231' title='bbox 2751 2838 3023 2910; x_wconf 89' lang='lat' dir='ltr'>damn0,</span> 
     </span>
     <span class='ocr_line' id='line_1_32' title="bbox 774 2918 3025 2992; baseline 0 -16"><span class='ocrx_word' id='word_1_232' title='bbox 774 2924 840 2976; x_wconf 91' lang='lat' dir='ltr'>et</span> <span class='ocrx_word' id='word_1_233' title='bbox 872 2918 1095 2977; x_wconf 90' lang='lat' dir='ltr'>civilis</span> <span class='ocrx_word' id='word_1_234' title='bbox 1126 2918 1336 2992; x_wconf 89' lang='lat' dir='ltr'>ipsius</span> <span class='ocrx_word' id='word_1_235' title='bbox 1383 2918 1728 2978; x_wconf 90' lang='lat' dir='ltr'>societatis</span> <span class='ocrx_word' id='word_1_236' title='bbox 1773 2918 2175 2977; x_wconf 76' lang='lat' dir='ltr'>detrimento</span> <span class='ocrx_word' id='word_1_237' title='bbox 2222 2919 2676 2991; x_wconf 87' lang='lat' dir='ltr'>dominantur,</span> <span class='ocrx_word' id='word_1_238' title='bbox 2714 2934 3025 2992; x_wconf 86' lang='lat' dir='ltr'>quaeque</span> 
     </span>
     <span class='ocr_line' id='line_1_33' title="bbox 772 2998 3028 3073; baseline -0 -16"><span class='ocrx_word' id='word_1_239' title='bbox 772 3014 905 3057; x_wconf 91' lang='lat' dir='ltr'>non</span> <span class='ocrx_word' id='word_1_240' title='bbox 940 2999 1152 3057; x_wconf 91' lang='lat' dir='ltr'>solum</span> <span class='ocrx_word' id='word_1_241' title='bbox 1187 2999 1563 3057; x_wconf 88' lang='lat' dir='ltr'>catholicae</span> <span class='ocrx_word' id='word_1_242' title='bbox 1596 2998 1968 3072; x_wconf 88' lang='lat' dir='ltr'>Ecclesiae,</span> <span class='ocrx_word' id='word_1_243' title='bbox 2004 3000 2287 3073; x_wconf 85' lang='lat' dir='ltr'>ejusque</span> <span class='ocrx_word' id='word_1_244' title='bbox 2339 2998 2620 3057; x_wconf 88' lang='lat' dir='ltr'>salutari</span> <span class='ocrx_word' id='word_1_245' title='bbox 2673 2998 3028 3057; x_wconf 89' lang='lat' dir='ltr'>doctrinae</span> 
     </span>
     <span class='ocr_line' id='line_1_34' title="bbox 773 3079 3030 3153; baseline 0 -17"><span class='ocrx_word' id='word_1_246' title='bbox 773 3094 855 3137; x_wconf 90' lang='lat' dir='ltr'>ac</span> <span class='ocrx_word' id='word_1_247' title='bbox 905 3079 1316 3137; x_wconf 86' lang='lat' dir='ltr'>venerandis</span> <span class='ocrx_word' id='word_1_248' title='bbox 1361 3079 1650 3152; x_wconf 77' lang='lat' dir='ltr'>juribuS,</span> <span class='ocrx_word' id='word_1_249' title='bbox 1685 3094 1922 3138; x_wconf 90' lang='lat' dir='ltr'>verum</span> <span class='ocrx_word' id='word_1_250' title='bbox 1971 3082 2174 3137; x_wconf 89' lang='lat' dir='ltr'>etiam</span> <span class='ocrx_word' id='word_1_251' title='bbox 2232 3079 2686 3153; x_wconf 63' lang='lat' dir='ltr'>sempiternae</span> <span class='ocrx_word' id='word_1_252' title='bbox 2729 3079 3030 3137; x_wconf 89' lang='lat' dir='ltr'>naturali</span> 
     </span>
     <span class='ocr_line' id='line_1_35' title="bbox 772 3158 3029 3234; baseline -0 -16"><span class='ocrx_word' id='word_1_253' title='bbox 772 3159 913 3234; x_wconf 86' lang='lat' dir='ltr'>legi</span> <span class='ocrx_word' id='word_1_254' title='bbox 938 3176 977 3216; x_wconf 88' lang='lat' dir='ltr'>a</span> <span class='ocrx_word' id='word_1_255' title='bbox 1013 3159 1152 3217; x_wconf 91' lang='lat' dir='ltr'>Deo</span> <span class='ocrx_word' id='word_1_256' title='bbox 1185 3158 1255 3218; x_wconf 91' lang='lat' dir='ltr'>in</span> <span class='ocrx_word' id='word_1_257' title='bbox 1278 3159 1572 3218; x_wconf 91' lang='lat' dir='ltr'>omnium</span> <span class='ocrx_word' id='word_1_258' title='bbox 1595 3159 1915 3218; x_wconf 83' lang='lat' dir='ltr'>cordibus</span> <span class='ocrx_word' id='word_1_259' title='bbox 1939 3159 2343 3233; x_wconf 89' lang='lat' dir='ltr'>insculptae,</span> <span class='ocrx_word' id='word_1_260' title='bbox 2376 3169 2744 3232; x_wconf 87' lang='lat' dir='ltr'>rectaeque</span> <span class='ocrx_word' id='word_1_261' title='bbox 2773 3159 3029 3218; x_wconf 88' lang='lat' dir='ltr'>rationi</span> 
     </span>
     <span class='ocr_line' id='line_1_36' title="bbox 774 3239 3028 3314; baseline 0 -16"><span class='ocrx_word' id='word_1_262' title='bbox 774 3239 1069 3298; x_wconf 87' lang='lat' dir='ltr'>maxime</span> <span class='ocrx_word' id='word_1_263' title='bbox 1095 3239 1569 3313; x_wconf 88' lang='lat' dir='ltr'>adversantur,</span> <span class='ocrx_word' id='word_1_264' title='bbox 1600 3247 1669 3298; x_wconf 91' lang='lat' dir='ltr'>et</span> <span class='ocrx_word' id='word_1_265' title='bbox 1693 3256 1782 3298; x_wconf 91' lang='lat' dir='ltr'>ex</span> <span class='ocrx_word' id='word_1_266' title='bbox 1807 3241 2051 3314; x_wconf 90' lang='lat' dir='ltr'>quibus</span> <span class='ocrx_word' id='word_1_267' title='bbox 2064 3240 2181 3297; x_wconf 87' lang='lat' dir='ltr'>alii</span> <span class='ocrx_word' id='word_1_268' title='bbox 2203 3255 2411 3314; x_wconf 92' lang='lat' dir='ltr'>prope</span> <span class='ocrx_word' id='word_1_269' title='bbox 2438 3255 2667 3298; x_wconf 88' lang='lat' dir='ltr'>omnes</span> <span class='ocrx_word' id='word_1_270' title='bbox 2691 3239 3028 3314; x_wconf 86' lang='lat' dir='ltr'>originem</span> 
     </span>
     <span class='ocr_line' id='line_1_37' title="bbox 774 3320 1338 3378; baseline -0.002 0"><span class='ocrx_word' id='word_1_271' title='bbox 774 3320 1029 3378; x_wconf 87' lang='lat' dir='ltr'>habent</span> <span class='ocrx_word' id='word_1_272' title='bbox 1052 3335 1338 3377; x_wconf 88' lang='lat' dir='ltr'>errores.</span> 
     </span>
    </p>

    <p class='ocr_par' dir='ltr' id='par_1_4' title="bbox 773 3398 3028 4359">
     <span class='ocr_line' id='line_1_38' title="bbox 937 3398 3027 3474; baseline 0.001 -18"><span class='ocrx_word' id='word_1_273' title='bbox 937 3398 1081 3459; x_wconf 92' lang='lat' dir='ltr'>Etsi</span> <span class='ocrx_word' id='word_1_274' title='bbox 1106 3407 1329 3458; x_wconf 93' lang='lat' dir='ltr'>autem</span> <span class='ocrx_word' id='word_1_275' title='bbox 1360 3400 1540 3458; x_wconf 87' lang='lat' dir='ltr'>haud</span> <span class='ocrx_word' id='word_1_276' title='bbox 1568 3398 1990 3458; x_wconf 86' lang='lat' dir='ltr'>omiserimus</span> <span class='ocrx_word' id='word_1_277' title='bbox 2023 3399 2402 3474; x_wconf 87' lang='lat' dir='ltr'>potissimos</span> <span class='ocrx_word' id='word_1_278' title='bbox 2431 3399 2812 3472; x_wconf 75' lang='lat' dir='ltr'>huJusmodi</span> <span class='ocrx_word' id='word_1_279' title='bbox 2841 3415 3027 3458; x_wconf 88' lang='lat' dir='ltr'>erro·</span> 
     </span>
     <span class='ocr_line' id='line_1_39' title="bbox 773 3479 3025 3554; baseline 0 -17"><span class='ocrx_word' id='word_1_280' title='bbox 773 3495 884 3538; x_wconf 92' lang='lat' dir='ltr'>res</span> <span class='ocrx_word' id='word_1_281' title='bbox 911 3495 1113 3553; x_wconf 90' lang='lat' dir='ltr'>saepe</span> <span class='ocrx_word' id='word_1_282' title='bbox 1144 3480 1569 3554; x_wconf 88' lang='lat' dir='ltr'>proscribere</span> <span class='ocrx_word' id='word_1_283' title='bbox 1597 3487 1663 3538; x_wconf 93' lang='lat' dir='ltr'>et</span> <span class='ocrx_word' id='word_1_284' title='bbox 1692 3481 2083 3554; x_wconf 86' lang='lat' dir='ltr'>reprobare,</span> <span class='ocrx_word' id='word_1_285' title='bbox 2119 3487 2346 3539; x_wconf 89' lang='lat' dir='ltr'>tamen</span> <span class='ocrx_word' id='word_1_286' title='bbox 2382 3479 2759 3538; x_wconf 88' lang='lat' dir='ltr'>catholicae</span> <span class='ocrx_word' id='word_1_287' title='bbox 2791 3479 3025 3539; x_wconf 90' lang='lat' dir='ltr'>Eccle-</span> 
     </span>
     <span class='ocr_line' id='line_1_40' title="bbox 776 3560 3019 3634; baseline 0.001 -16"><span class='ocrx_word' id='word_1_288' title='bbox 776 3560 916 3618; x_wconf 89' lang='lat' dir='ltr'>siae</span> <span class='ocrx_word' id='word_1_289' title='bbox 970 3575 1176 3618; x_wconf 88' lang='lat' dir='ltr'>causa</span> <span class='ocrx_word' id='word_1_290' title='bbox 1229 3563 1743 3633; x_wconf 89' lang='lat' dir='ltr'>animarumque</span> <span class='ocrx_word' id='word_1_291' title='bbox 1793 3561 1975 3619; x_wconf 88' lang='lat' dir='ltr'>salus</span> <span class='ocrx_word' id='word_1_292' title='bbox 2024 3560 2232 3618; x_wconf 89' lang='lat' dir='ltr'>Nobis</span> <span class='ocrx_word' id='word_1_293' title='bbox 2278 3560 2602 3627; x_wconf 87' lang='lat' dir='ltr'>divinitus</span> <span class='ocrx_word' id='word_1_294' title='bbox 2633 3561 3019 3634; x_wconf 79' lang='lat' dir='ltr'>commissa,</span> 
     </span>
     <span class='ocr_line' id='line_1_41' title="bbox 776 3641 3028 3718; baseline -0 -19"><span class='ocrx_word' id='word_1_295' title='bbox 776 3647 981 3714; x_wconf 88' lang='lat' dir='ltr'>atque</span> <span class='ocrx_word' id='word_1_296' title='bbox 1012 3641 1224 3714; x_wconf 88' lang='lat' dir='ltr'>ipsius</span> <span class='ocrx_word' id='word_1_297' title='bbox 1255 3642 1590 3700; x_wconf 88' lang='lat' dir='ltr'>humanae</span> <span class='ocrx_word' id='word_1_298' title='bbox 1614 3641 1959 3699; x_wconf 88' lang='lat' dir='ltr'>societatis</span> <span class='ocrx_word' id='word_1_299' title='bbox 1979 3642 2227 3700; x_wconf 92' lang='lat' dir='ltr'>bonum</span> <span class='ocrx_word' id='word_1_300' title='bbox 2254 3641 2520 3718; x_wconf 83' lang='lat' dir='ltr'>omnino</span> <span class='ocrx_word' id='word_1_301' title='bbox 2551 3641 2916 3714; x_wconf 87' lang='lat' dir='ltr'>postulant,</span> <span class='ocrx_word' id='word_1_302' title='bbox 2955 3647 3028 3699; x_wconf 92' lang='lat' dir='ltr'>ut</span> 
     </span>
     <span class='ocr_line' id='line_1_42' title="bbox 773 3720 3026 3795; baseline -0.001 -15"><span class='ocrx_word' id='word_1_303' title='bbox 773 3721 1017 3780; x_wconf 90' lang='lat' dir='ltr'>iterum</span> <span class='ocrx_word' id='word_1_304' title='bbox 1039 3722 1446 3795; x_wconf 90' lang='lat' dir='ltr'>pastoralem</span> <span class='ocrx_word' id='word_1_305' title='bbox 1464 3729 1762 3779; x_wconf 88' lang='lat' dir='ltr'>vestram</span> <span class='ocrx_word' id='word_1_306' title='bbox 1783 3721 2306 3780; x_wconf 86' lang='lat' dir='ltr'>sollicitudinem</span> <span class='ocrx_word' id='word_1_307' title='bbox 2326 3722 2701 3779; x_wconf 87' lang='lat' dir='ltr'>excitemus</span> <span class='ocrx_word' id='word_1_308' title='bbox 2736 3721 2822 3779; x_wconf 90' lang='lat' dir='ltr'>ad</span> <span class='ocrx_word' id='word_1_309' title='bbox 2850 3720 3026 3779; x_wconf 87' lang='lat' dir='ltr'>alias</span> 
     </span>
     <span class='ocr_line' id='line_1_43' title="bbox 774 3801 3018 3877; baseline -0 -17"><span class='ocrx_word' id='word_1_310' title='bbox 774 3818 1023 3877; x_wconf 88' lang='lat' dir='ltr'>pravas</span> <span class='ocrx_word' id='word_1_311' title='bbox 1059 3801 1514 3876; x_wconf 84' lang='lat' dir='ltr'>profligandas</span> <span class='ocrx_word' id='word_1_312' title='bbox 1558 3802 1928 3875; x_wconf 90' lang='lat' dir='ltr'>opiniones,</span> <span class='ocrx_word' id='word_1_313' title='bbox 1988 3817 2163 3875; x_wconf 81' lang='lat' dir='ltr'>quae</span> <span class='ocrx_word' id='word_1_314' title='bbox 2193 3817 2282 3859; x_wconf 89' lang='lat' dir='ltr'>ex</span> <span class='ocrx_word' id='word_1_315' title='bbox 2337 3801 2593 3860; x_wconf 90' lang='lat' dir='ltr'>eisdem</span> <span class='ocrx_word' id='word_1_316' title='bbox 2647 3801 3018 3874; x_wconf 88' lang='lat' dir='ltr'>erroribus,</span> 
     </span>
     <span class='ocr_line' id='line_1_44' title="bbox 775 3880 3023 3956; baseline -0 -16"><span class='ocrx_word' id='word_1_317' title='bbox 775 3883 990 3941; x_wconf 90' lang='lat' dir='ltr'>veluti</span> <span class='ocrx_word' id='word_1_318' title='bbox 1015 3898 1104 3940; x_wconf 89' lang='lat' dir='ltr'>ex</span> <span class='ocrx_word' id='word_1_319' title='bbox 1125 3882 1431 3941; x_wconf 90' lang='lat' dir='ltr'>fontibus</span> <span class='ocrx_word' id='word_1_320' title='bbox 1478 3889 1858 3956; x_wconf 91' lang='lat' dir='ltr'>erumpunt.</span> <span class='ocrx_word' id='word_1_321' title='bbox 1896 3880 2082 3954; x_wconf 80' lang='lat' dir='ltr'>Quae</span> <span class='ocrx_word' id='word_1_322' title='bbox 2110 3881 2326 3940; x_wconf 88' lang='lat' dir='ltr'>falsae</span> <span class='ocrx_word' id='word_1_323' title='bbox 2378 3898 2458 3940; x_wconf 88' lang='lat' dir='ltr'>ac</span> <span class='ocrx_word' id='word_1_324' title='bbox 2490 3897 2851 3955; x_wconf 88' lang='lat' dir='ltr'>perversae</span> <span class='ocrx_word' id='word_1_325' title='bbox 2884 3881 3023 3955; x_wconf 90' lang='lat' dir='ltr'>opi-</span> 
     </span>
     <span class='ocr_line' id='line_1_45' title="bbox 775 3962 3022 4037; baseline -0 -17"><span class='ocrx_word' id='word_1_326' title='bbox 775 3963 1033 4035; x_wconf 81' lang='lat' dir='ltr'>nioneS,</span> <span class='ocrx_word' id='word_1_327' title='bbox 1063 3979 1140 4021; x_wconf 90' lang='lat' dir='ltr'>eo</span> <span class='ocrx_word' id='word_1_328' title='bbox 1173 3963 1390 4037; x_wconf 87' lang='lat' dir='ltr'>magis</span> <span class='ocrx_word' id='word_1_329' title='bbox 1414 3962 1856 4021; x_wconf 83' lang='lat' dir='ltr'>detestandae</span> <span class='ocrx_word' id='word_1_330' title='bbox 1890 3970 2065 4035; x_wconf 91' lang='lat' dir='ltr'>sunt,</span> <span class='ocrx_word' id='word_1_331' title='bbox 2095 3962 2273 4036; x_wconf 91' lang='lat' dir='ltr'>quod</span> <span class='ocrx_word' id='word_1_332' title='bbox 2295 3977 2372 4020; x_wconf 92' lang='lat' dir='ltr'>eo</span> <span class='ocrx_word' id='word_1_333' title='bbox 2397 3962 2815 4036; x_wconf 90' lang='lat' dir='ltr'>potissimum</span> <span class='ocrx_word' id='word_1_334' title='bbox 2835 3978 3022 4036; x_wconf 89' lang='lat' dir='ltr'>spec·</span> 
     </span>
     <span class='ocr_line' id='line_1_46' title="bbox 775 4040 3023 4117; baseline -0 -16"><span class='ocrx_word' id='word_1_335' title='bbox 775 4050 941 4115; x_wconf 90' lang='lat' dir='ltr'>tant,</span> <span class='ocrx_word' id='word_1_336' title='bbox 998 4051 1071 4101; x_wconf 91' lang='lat' dir='ltr'>ut</span> <span class='ocrx_word' id='word_1_337' title='bbox 1126 4043 1534 4117; x_wconf 85' lang='lat' dir='ltr'>impediatur</span> <span class='ocrx_word' id='word_1_338' title='bbox 1583 4052 1649 4100; x_wconf 92' lang='lat' dir='ltr'>et</span> <span class='ocrx_word' id='word_1_339' title='bbox 1700 4056 2094 4101; x_wconf 83' lang='lat' dir='ltr'>amoveatur</span> <span class='ocrx_word' id='word_1_340' title='bbox 2125 4043 2440 4100; x_wconf 86' lang='lat' dir='ltr'>salutaris</span> <span class='ocrx_word' id='word_1_341' title='bbox 2469 4040 2585 4100; x_wconf 89' lang='lat' dir='ltr'>illa</span> <span class='ocrx_word' id='word_1_342' title='bbox 2640 4041 2768 4114; x_wconf 78' lang='lat' dir='ltr'>viS,</span> <span class='ocrx_word' id='word_1_343' title='bbox 2821 4057 3023 4115; x_wconf 90' lang='lat' dir='ltr'>quam</span> 
     </span>
     <span class='ocr_line' id='line_1_47' title="bbox 777 4121 3022 4195; baseline -0.001 -15"><span class='ocrx_word' id='word_1_344' title='bbox 777 4122 1112 4181; x_wconf 89' lang='lat' dir='ltr'>catholica</span> <span class='ocrx_word' id='word_1_345' title='bbox 1155 4122 1486 4195; x_wconf 88' lang='lat' dir='ltr'>Ecclesia,</span> <span class='ocrx_word' id='word_1_346' title='bbox 1539 4139 1628 4180; x_wconf 91' lang='lat' dir='ltr'>ex</span> <span class='ocrx_word' id='word_1_347' title='bbox 1677 4122 1891 4181; x_wconf 89' lang='lat' dir='ltr'>divini</span> <span class='ocrx_word' id='word_1_348' title='bbox 1941 4124 2043 4181; x_wconf 91' lang='lat' dir='ltr'>sui</span> <span class='ocrx_word' id='word_1_349' title='bbox 2087 4123 2403 4181; x_wconf 91' lang='lat' dir='ltr'>Auctoris</span> <span class='ocrx_word' id='word_1_350' title='bbox 2459 4121 2900 4194; x_wconf 88' lang='lat' dir='ltr'>institutione,</span> <span class='ocrx_word' id='word_1_351' title='bbox 2956 4127 3022 4178; x_wconf 90' lang='lat' dir='ltr'>et</span> 
     </span>
     <span class='ocr_line' id='line_1_48' title="bbox 775 4202 3022 4277; baseline -0 -16"><span class='ocrx_word' id='word_1_352' title='bbox 775 4203 1115 4276; x_wconf 85' lang='lat' dir='ltr'>mandate,</span> <span class='ocrx_word' id='word_1_353' title='bbox 1143 4202 1356 4262; x_wconf 90' lang='lat' dir='ltr'>libere</span> <span class='ocrx_word' id='word_1_354' title='bbox 1403 4218 1731 4262; x_wconf 89' lang='lat' dir='ltr'>exercere</span> <span class='ocrx_word' id='word_1_355' title='bbox 1788 4203 1990 4262; x_wconf 90' lang='lat' dir='ltr'>debet</span> <span class='ocrx_word' id='word_1_356' title='bbox 2014 4219 2227 4277; x_wconf 91' lang='lat' dir='ltr'>usque</span> <span class='ocrx_word' id='word_1_357' title='bbox 2258 4203 2347 4261; x_wconf 88' lang='lat' dir='ltr'>ad</span> <span class='ocrx_word' id='word_1_358' title='bbox 2375 4202 3022 4262; x_wconf 88' lang='lat' dir='ltr'>consummationem</span> 
     </span>
     <span class='ocr_line' id='line_1_49' title="bbox 779 4281 3019 4359; baseline -0.001 -16"><span class='ocrx_word' id='word_1_359' title='bbox 779 4283 1056 4358; x_wconf 84' lang='lat' dir='ltr'>saeculi,</span> <span class='ocrx_word' id='word_1_360' title='bbox 1088 4299 1223 4342; x_wconf 92' lang='lat' dir='ltr'>non</span> <span class='ocrx_word' id='word_1_361' title='bbox 1248 4282 1466 4344; x_wconf 88' lang='lat' dir='ltr'>minus</span> <span class='ocrx_word' id='word_1_362' title='bbox 1497 4299 1662 4358; x_wconf 89' lang='lat' dir='ltr'>erga</span> <span class='ocrx_word' id='word_1_363' title='bbox 1699 4282 2000 4359; x_wconf 84' lang='lat' dir='ltr'>singulos</span> <span class='ocrx_word' id='word_1_364' title='bbox 2033 4283 2355 4357; x_wconf 77' lang='lat' dir='ltr'>nominee,</span> <span class='ocrx_word' id='word_1_365' title='bbox 2390 4300 2594 4358; x_wconf 91' lang='lat' dir='ltr'>quam</span> <span class='ocrx_word' id='word_1_366' title='bbox 2618 4298 2784 4358; x_wconf 89' lang='lat' dir='ltr'>erga</span> <span class='ocrx_word' id='word_1_367' title='bbox 2811 4281 3019 4341; x_wconf 88' lang='lat' dir='ltr'>natio·</span> 
     </span>
    </p>
   </div>
  </div>
 </body>
</html>
