3332 5100
1684 356 2046 421 -362-

743 507 802 566 si
880 502 1044 581 quid
1088 508 1364 578 temere,
1416 506 1475 564 si
1539 504 1704 580 quid
1757 503 2006 564 iniuria
2069 508 2317 578 actum,
2376 503 2464 563 ad
2525 515 2992 579 quosqumque

744 588 1013 648 demum
1070 602 1149 645 ea
1210 587 1412 661 culpa
1463 586 1822 660 pertineat,
1897 586 2471 659 compensandum
2500 591 2603 642 est
2656 586 2994 643 charitate

744 674 999 739 mutua,
1063 673 1129 725 et
1176 666 1540 740 praecipuo
1586 667 1878 740 quodam
1918 666 2213 724 omnium
2244 666 2315 724 in
2367 666 2824 740 Apostolicam
2877 664 2995 724 Se-

746 749 898 807 dem
929 747 1249 821 obsequio
1306 746 2030 805 redimendum.-Hac
2079 746 2193 804 via
2251 746 2420 805 duas
2451 762 2560 804 res
2592 746 2996 819 praeclaris-

746 829 949 888 simas
979 828 1295 887 catholici
1339 828 1771 885 consecuturi
1799 833 1976 899 sunt,
2013 827 2300 885 alteram
2343 834 2415 885 ut
2465 826 2806 885 adiutores
2839 841 2996 886 sese

746 908 1137 984 impertiant
1186 906 1537 966 Ecclesiae
1586 908 1655 965 in
1709 907 2176 967 conservanda
2245 908 2822 981 propagandaque
2895 922 2995 963 sa-

746 988 1004 1064 pientia
1029 986 1422 1046 christiana:
1476 989 1764 1047 alteram
1813 994 1889 1046 ut
1938 987 2270 1045 beneficio
2328 987 2622 1045 maximo
2687 986 3000 1045 afficiant

748 1070 1143 1129 societatem
1204 1068 1496 1140 civilem,
1550 1068 1765 1140 cuius,
1833 1068 2163 1126 malarum
2215 1067 2679 1125 doctrinarum
2737 1066 2998 1141 cupidi-

750 1158 1097 1223 tatumque
1146 1164 1375 1221 cauea,
1430 1163 1846 1223 magnopere
1896 1148 2322 1223 periclitatur
2375 1148 2579 1205 salus.

908 1229 1097 1288 Haec
1150 1229 1444 1302 quidem,
1506 1227 1950 1287 venerabiles
2014 1228 2311 1299 FratreS,
2378 1228 2754 1303 habuimUS,
2819 1242 2999 1301 quae

747 1310 1085 1370 universis
1111 1310 1433 1369 catholici
1476 1309 1659 1368 orbis
1704 1309 2022 1383 gentibus
2079 1309 2500 1367 traderemus
2528 1309 2613 1365 de
2643 1308 3006 1367 civitatum

748 1390 1224 1451 constitutione
1255 1388 1647 1461 christiana,
1705 1389 2081 1462 officiisque
2111 1388 2364 1447 civium
2399 1388 2839 1461 singulorum.

912 1470 1224 1530 Ceterum
1267 1470 1627 1544 implorare
1677 1470 1954 1529 summis
2008 1468 2324 1543 precibus
2396 1476 2658 1542 oportet
2706 1468 3004 1527 coeleste

749 1552 1186 1626 praesidium,
1248 1552 1676 1623 orandusque
1732 1549 1936 1622 Deus,
2011 1557 2083 1607 ut
2138 1549 2329 1622 haec,
2404 1564 2580 1622 quae
2645 1548 2732 1607 ad
2785 1550 3004 1622 ipsius

752 1632 1045 1703 gloriam
1077 1646 1629 1703 communemque
1661 1630 1938 1687 humani
1969 1630 2240 1703 generis
2269 1630 2556 1687 salutem
2585 1628 2894 1703 cupimus
2936 1635 3008 1686 et

754 1728 1097 1784 conamur,
1138 1718 1397 1785 optatos
1428 1712 1518 1769 ad
1567 1710 1793 1768 exitus
1824 1710 2003 1767 idem
2049 1710 2203 1783 Ipse
2262 1710 2611 1784 perducat,
2661 1710 2855 1767 cuius
2899 1713 3009 1766 est

755 1793 1097 1852 illustrare
1147 1792 1487 1850 hominum
1538 1798 1820 1862 menteS,
1880 1806 2276 1864 permovere
2327 1788 3008 1848 voluntates.-Divi·

754 1889 991 1932 norum
1012 1880 1235 1931 autem
1264 1872 1748 1930 beneficiorum
1805 1871 2172 1945 auspicem,
2242 1877 2312 1928 et
2333 1877 2657 1945 paternae
2709 1869 3007 1927 benevo-

754 1954 1003 2012 lentiae
1047 1952 1331 2011 Nostrae
1359 1958 1601 2013 testem
1621 1951 1838 2023 vobiS,
1866 1950 2311 2009 venerabiles
2376 1948 2675 2022 Fratres,
2715 1956 2784 2008 et
2807 1948 3008 2007 Olero

755 2034 1134 2108 populoque
1176 2034 1492 2091 universo
1549 2038 1820 2090 vestrae
1877 2032 2037 2090 fidei
2067 2030 2603 2107 vigilantiaeque
2647 2030 3009 2089 commisso

757 2113 1213 2187 Apostolicam
1260 2112 1813 2173 Benedictionem
1868 2120 2298 2186 peramanter
2333 2111 2406 2169 in
2446 2110 2728 2169 Domino
2759 2110 3010 2185 imper-

760 2194 987 2251 timus.

918 2272 1164 2331 Datum
1206 2272 1455 2331 Romae
1486 2272 1668 2347 apud
1720 2271 1785 2331 S.
1837 2271 2112 2331 Petrum
2141 2272 2250 2331 die
2308 2271 2339 2328 I
2367 2270 2768 2331 Novembris
2825 2285 3012 2329 anno

757 2351 1379 2426 MDCCCLXXXV,
1413 2353 1855 2412 Pontificatus
1887 2352 2115 2412 Nostri
2167 2353 2361 2411 Anno
2393 2358 2656 2411 octavo.

2281 2528 2445 2591 LEO
2488 2529 2616 2589 PP.
2663 2528 2849 2589 XIII.

1514 2762 2074 2838 APPENDIX
2124 2761 2260 2868 lv¹

1781 2943 1992 2952 .---

856 3086 1349 3200 Gonunrdalum
1402 3117 1573 3196 annu
1624 3085 1786 3194 1851
1839 3115 1880 3193 a
1931 3083 2224 3194 Romanu
2274 3081 2618 3192 Pontifiuss
2671 3080 2786 3191 Piu
2837 3077 2926 3188 IX

1098 3283 1275 3344 CUM
1318 3281 1787 3344 HISPANIAE
1833 3277 2162 3339 REGINA
2201 3277 2516 3339 INITUM
2562 3277 2678 3356 (1).

929 3549 1285 3610 Deseando
1308 3547 1697 3608 vivamente
1723 3547 1816 3607 Su
1846 3546 2177 3608 Santidad
2206 3547 2267 3604 el
2295 3543 2496 3604 Sumo
2527 3542 2853 3602 Pontifice
2897 3541 3027 3602 Pio

768 3629 867 3690 IX
892 3646 1181 3704 proveer
1210 3631 1277 3690 al
1303 3629 1462 3688 bien
1488 3631 1662 3688 dela
1687 3628 1976 3704 religion
2007 3645 2052 3702 y
2083 3631 2123 3686 a
2150 3627 2218 3684 la
2243 3624 2532 3684 utilidad
2554 3625 2638 3682 de
2669 3624 2736 3684 la
2765 3623 3028 3698 Iglesia

771 3713 853 3770 de
884 3710 1157 3786 Espaiia
1186 3727 1314 3770 con
1340 3711 1405 3768 la
1430 3710 1747 3788 solicitud
1771 3709 2068 3782 pastoral
2099 3723 2228 3766 con
2275 3721 2405 3780 que
2433 3704 2707 3762 atiende
2739 3707 2780 3761 a
2825 3704 3028 3762 todos

771 3793 869 3850 los
899 3793 1085 3850 fieles
1131 3792 1476 3862 catolicOS‚
1506 3807 1551 3864 y
1584 3805 1712 3849 con
1742 3789 2041 3863 especial
2071 3785 2560 3846 benevolencia
2591 3787 2632 3841 a
2685 3786 2750 3843 la
2779 3784 3031 3842 inclita

770 3889 817 3946 y
844 3873 1092 3930 devota
1140 3871 1401 3930 Nacion
1434 3870 1780 3943 espailola:
1816 3886 1860 3943 y
1894 3868 2171 3943 poseida
2205 3867 2316 3924 del
2373 3865 2608 3924 mismo
2670 3865 2870 3922 deseo
2932 3863 3032 3922 Su

770 3952 1105 4026 Majestad
1132 3952 1198 4010 la
1228 3952 1439 4010 Reina
1475 3948 1776 4009 Catelica
1805 3949 2001 4008 Dona
2031 3947 2256 4006 Isabel
2288 3945 2353 4004 11
2406 3960 2527 4019 por
2580 3944 2643 4002 la
2676 3943 2930 4018 piedad
2980 3959 3031 4017 y

772 4034 1039 4092 sincera
1071 4033 1398 4092 adhesion
1421 4034 1461 4090 a
1491 4032 1559 4090 la
1588 4029 1762 4090 Sede
1791 4029 2205 4103 Apostolica,
2241 4025 2622 4085 heredadas
2655 4027 2740 4084 de
2773 4040 2886 4084 sus
2909 4039 3030 4083 an-

916 4232 991 4298 (1)
1065 4230 1184 4282 Fue
1208 4229 1503 4283 ratificado
1528 4243 1635 4296 por
1661 4227 1714 4280 S.
1743 4227 1822 4280 M.
1848 4228 1902 4280 la
1928 4228 2110 4280 Reina
2150 4241 2224 4279 en
2269 4224 2349 4280 l.0
2375 4225 2448 4279 de
2473 4222 2634 4277 Abril
2681 4223 2756 4278 de
2788 4223 2942 4293 1851,
2991 4237 3038 4290 y

775 4317 879 4372 por
902 4301 984 4358 Su
1010 4300 1287 4356 Santidad
1314 4316 1385 4354 en
1412 4303 1479 4355 23
1508 4300 1601 4354 del
1627 4299 1836 4353 mismo
1863 4314 1984 4354 mes
2010 4317 2048 4369 y
2073 4303 2200 4353 afio.
