3332 5100
1252 358 1607 417 -117-

324 510 531 575 rebus
605 502 983 570 Ecclesiae
1066 499 1421 584 judicium
1485 502 1852 569 infalibile
1925 507 1998 571 et
2059 506 2556 581 irreformabi-

324 618 386 681 le
431 616 844 682 habendum
902 613 1037 692 est,
1074 608 1202 673 sed
1262 612 1541 673 tantum
1596 611 2109 695 investigando
2137 635 2231 681 an
2279 622 2557 687 statuta

324 724 691 805 generalia
727 734 1045 785 consona
1061 716 1183 780 vel
1217 716 1498 780 absona
1526 717 1672 781 sint
1700 717 2130 800 disciplinae
2155 727 2282 788 aut
2308 728 2554 792 usibus

323 829 388 893 in
418 830 666 911 Regno
701 826 1025 908 legitime
1054 822 1400 903 inductiS,
1458 827 1535 887 ut
1580 824 1651 887 in
1695 842 1868 889 casu
1905 829 2380 907 oppositionis
2431 853 2558 901 seu

324 937 687 1001 conflictus
724 933 1294 1017 supplicationes
1330 931 1422 995 ad
1455 932 1754 997 Romam
1789 934 2170 999 mittantur
2209 956 2340 1019 pro
2379 941 2556 1005 obti-

322 1042 553 1107 nenda
620 1043 713 1107 ab
776 1039 1201 1123 Apostolica
1262 1036 1451 1103 Sede
1506 1039 1980 1121 derogatione
2037 1045 2164 1105 aut
2223 1048 2430 1109 recta
2487 1050 2561 1111 et

322 1150 727 1233 adaequata
786 1146 1171 1227 solutione3
1210 1144 1315 1209 3.⁰
1342 1146 1509 1226 Jure
1544 1147 1878 1215 directivo
1911 1148 1985 1213 in
2019 1150 2236 1215 rebus
2289 1153 2556 1235 minatis,

322 1274 497 1339 quae
556 1258 689 1321 sub
721 1256 1097 1337 utriusque
1125 1253 1517 1336 potestatis
1547 1253 1866 1319 dominio
1915 1256 2208 1341 cadunt,
2259 1258 2418 1324 sive
2469 1278 2562 1325 ex

319 1368 577 1428 natura
611 1364 747 1447 sui,
786 1363 944 1428 sive
977 1380 1070 1427 ex
1104 1360 1600 1444 concessione,
1639 1362 1984 1444 quoniam
2015 1363 2087 1428 in
2123 1367 2335 1445 parte
2384 1369 2557 1431 tem-

321 1472 555 1553 porali
617 1471 726 1536 rei
783 1470 1060 1535 mixtae
1127 1469 1525 1533 auctoritas
1594 1468 1996 1535 saecularis
2053 1471 2562 1553 jurisdictione

318 1579 617 1661 propria
657 1578 925 1662 gaudet
960 1581 1034 1641 et
1066 1594 1195 1641 suo
1223 1592 1584 1641 concursu
1618 1580 1692 1640 et
1719 1576 2120 1643 directione
2146 1580 2564 1661 praescindi

316 1685 587 1767 nequit.

445 1792 865 1874 Aliquando
924 1790 1225 1857 evenire
1294 1792 1561 1872 potest,
1621 1791 1814 1873 quod
1871 1791 2220 1855 Placitum
2273 1792 2563 1878 Reyium

317 1916 509 1963 mera
567 1899 969 1963 tolerantia
1003 1904 1127 1961 aut
1162 1897 1492 1978 generali
1526 1896 1844 1961 Sanctae
1872 1896 2076 1961 Sedis
2110 1897 2564 1981 indulgentia

316 2005 583 2069 nitatur
627 2022 721 2069 ex
752 2005 1356 2086 magnanimitate
1412 2008 1631 2087 atque
1662 2003 2054 2086 prudentia
2073 2005 2563 2071 Romanorum

314 2110 737 2176 Pontificum
770 2111 1279 2194 proveniente,
1330 2110 1451 2193 qui
1486 2111 1806 2176 vitandis
1865 2112 2076 2175 malis
2130 2116 2203 2176 et
2265 2130 2562 2178 concor-

318 2216 469 2283 diae
496 2219 691 2283 inter
717 2222 1101 2301 utramque
1120 2221 1560 2301 potestatem
1588 2218 2002 2283 servandae
2020 2219 2215 2283 omni
2235 2222 2563 2303 tempore

318 2324 676 2389 assiduam
704 2343 955 2389 curam
978 2329 1051 2389 et
1098 2329 1557 2389 constantem
1599 2324 2166 2390 sollicitudinem
2186 2326 2565 2391 intendere

318 2436 679 2514 curarunt;
720 2437 795 2497 et
826 2436 998 2498 tunc
1023 2431 1451 2497 exercitium
1476 2434 1714 2499 Placet
1736 2452 1970 2516 neque
1987 2434 2136 2498 ulla
2163 2435 2334 2515 jura
2359 2438 2563 2501 certa

317 2540 623 2621 confert,
683 2559 921 2624 neque
986 2544 1317 2624 apertam
1382 2542 1934 2624 usurpatIonem
1999 2542 2352 2625 implicat:
2435 2543 2565 2609 sed

316 2650 565 2732 cuique
582 2649 1125 2714 evidentissime
1142 2652 1345 2731 patet
1366 2649 1555 2714 hanc
1582 2650 1845 2732 agendi
1862 2650 2220 2715 rationem
2246 2668 2336 2716 ex
2353 2653 2566 2734 parte

314 2755 758 2840 Principum,
791 2756 937 2840 qui,
973 2756 1403 2821 Ecclessiae
1436 2757 1891 2840 benignitate
1926 2762 1998 2821 et
2022 2759 2412 2840 prudentia
2452 2776 2563 2824 su·-

312 2863 501 2928 ffulti
526 2867 746 2946 atque
774 2864 1050 2946 confisi,
1079 2863 1220 2946 ipsi
1247 2863 1515 2930 Christi
1568 2864 1893 2948 Sponsae
1930 2870 2003 2930 et
2057 2867 2562 2932 amantisimae

316 2971 523 3038 Matri
545 2973 939 3056 injuriosas
964 2972 1436 3037 limitationes
1466 2991 1866 3056 apponere,
1895 2974 2368 3057 eamdemque
2396 2993 2563 3040 one·

316 3096 471 3146 roso
505 3081 842 3164 ligamini
878 3081 1246 3162 subjicere
1273 3099 1419 3144 non
1456 3084 1831 3164 verentur,
1871 3082 2164 3147 minime
2229 3082 2566 3166 componi

318 3204 521 3269 posse
556 3207 721 3253 cum
778 3189 1034 3253 obedie
1050 3188 1205 3252 ntia
1240 3199 1307 3252 et
1354 3191 1862 3270 veneratione,
1903 3191 2160 3273 quibus
2186 3190 2352 3255 Filii
2391 3209 2568 3272 erga

318 3302 643 3362 sanctam
676 3298 985 3362 Matrem
1029 3295 1509 3378 obsequentes
1538 3301 1896 3380 tenentur,
1925 3300 2295 3381 multoque
2331 3299 2564 3362 minus

319 3420 469 3495 cum
502 3404 921 3493 splendenti
956 3408 1029 3469 et
1062 3405 1379 3486 glorioso
1408 3404 1639 3482 tilulo,
1679 3422 1894 3486 quem
1913 3406 2148 3488 Reges
2179 3406 2565 3470 ostendere

320 3508 577 3576 debent
630 3516 1003 3594 tamquam
1072 3510 1533 3574 Protectores
1598 3509 1976 3576 Ecclesiae
2033 3518 2252 3595 atque
2322 3529 2564 3576 sacro·

318 3635 466 3683 rum
499 3620 827 3702 ejusdem
853 3618 1123 3701 jurium
1149 3617 1302 3684 nati
1332 3617 1802 3682 Defensores·

445 3727 597 3792 101.
684 3727 1027 3809 ‚Denique
1062 3726 1271 3790 nobis
1328 3730 1661 3808 superest
1698 3727 1944 3791 Placet
1979 3724 2387 3807 dogmatice
2435 3740 2564 3790 seu

324 3833 721 3918 theologice
759 3835 1253 3900 considerare.
1329 3833 1443 3898 De
1501 3833 1854 3896 exercitio
1914 3833 2172 3900 Placitz‘
2237 3833 2562 3913 legitimo

322 3945 435 4008 vel
498 3946 810 4009 tolerato
866 3943 985 4007 hic
1034 3961 1180 4007 non
1237 3942 1623 4025 loquimur,
1687 3941 2039 4023 siquidem
2089 3939 2267 4003 illud
2304 3958 2563 4022 appro-

322 4050 701 4136 bationem,
758 4052 898 4118 hoc
954 4051 1507 4117 consentionem
1562 4050 1943 4116 Ecclesiae
1976 4068 2106 4132 pro
2139 4067 2218 4113 se
2263 4050 2561 4131 habent3

326 4160 597 4242 agimus
661 4163 945 4226 tantum
1012 4161 1100 4225 de
1132 4159 1411 4224 Placito
1462 4158 1535 4222 in
1573 4158 2004 4240 acceptione
2057 4156 2442 4240 illegitima
2495 4159 2596 4251 et·

328 4266 627 4334 abusiva
661 4271 1035 4351 usurpat0,
1056 4285 1347 4350 nempe,
1380 4267 1610 4330 veluti
1632 4267 1798 4350 jure
1832 4265 2130 4348 proprio
2168 4269 2238 4329 et
2271 4281 2566 4348 praero-
