3332 5100
1653 306 1975 363 ...42-

695 450 825 515 toli
859 468 1084 533 usque
1118 450 1212 515 ad
1245 468 1512 514 annum
1545 448 1674 514 XL
1730 466 1951 514 aerae
2009 448 2339 531 vulgaris
2404 445 2498 533 (1)
2537 446 2937 529 Episcopos

697 559 974 621 tantum
1012 561 1557 639 consecrarunt,
1621 554 2203 639 quandoquidem
2250 572 2382 637 pro
2438 554 2938 637 spiritualibus

699 664 1014 728 fidelium
1053 663 1611 729 necessitatibus
1648 664 1722 726 in
1757 662 2083 746 qualibet
2116 662 2419 727 civitate
2461 662 2780 737 velsloco
2815 660 2939 724 hu·

693 771 809 851 Jus
845 771 1165 853 regionis
1200 770 1376 835 satis
1412 776 1572 834 erat
1602 770 2061 835 sacerdotem
2098 770 2542 834 constituere
2575 772 2941 853 potestate

701 877 1099 960 episcopali
1132 877 1566 960 praeditum,
1609 882 1685 940 ut
1723 877 1964 942 omnia
1998 882 2463 941 sacramenta
2491 876 2827 940 conferre
2870 877 2943 939 et

701 1003 912 1051 sacra
944 1002 1246 1051 munera
1281 984 1485 1048 obire
1520 984 1772 1067 possit.
1815 984 1911 1049 At
1943 988 2109 1068 post
2157 1002 2425 1049 annum
2475 982 2939 1066 quadragesi-

701 1111 892 1159 mum
925 1093 998 1157 in
1034 1110 1200 1175 quo,
1238 1091 1438 1156 facta
1487 1091 1962 1175 dispersione,
2002 1091 2334 1174 Apostoli
2389 1092 2465 1155 in
2522 1092 2943 1156 universum

705 1200 1042 1265 mundum
1073 1198 1432 1281 abierunt,
1471 1216 1632 1263 cum
1668 1199 2048 1263 multitudo
2086 1200 2645 1264 christianorum
2679 1198 2945 1281 ubique

705 1314 1062 1372 terrarum
1097 1323 1540 1388 magnopere
1595 1312 1987 1387 cresceret,
2042 1306 2205 1389 ipsa
2260 1305 2649 1388 Evangelii
2684 1315 2943 1388 propa-

707 1416 998 1497 gatione
1033 1418 1363 1495 cogente,
1400 1412 1801 1497 Episcopos
1839 1419 1911 1478 et
1941 1413 2423 1494 Presbyteros
2460 1417 2630 1477 tunc
2662 1411 2946 1476 ordina-

707 1540 908 1605 vere,
945 1522 1109 1585 illos
1144 1526 1221 1585 ut
1251 1521 1465 1585 fidem
1499 1522 1787 1604 populis
1821 1522 2245 1586 nuntiarent
2279 1522 2403 1586 vel
2436 1519 2765 1586 ecclesiis
2800 1537 2946 1583 ma-

701 1630 980 1711 j0ribus
1015 1633 1141 1693 aut
1174 1629 1588 1711 praecipuis
1648 1629 2069 1693 civitatibus
2135 1629 2644 1711 praeficerent,
2682 1628 2837 1708 hos,
2873 1630 2951 1690 ut

709 1735 1211 1806 in,minoribus
1246 1736 1575 1800 ecclesiis
1609 1742 1734 1800 aut
1791 1736 1972 1801 locis
2007 1735 2459 1799 secundariis
2497 1751 2745 1799 curam
2780 1732 2949 1797 fide-

709 1844 883 1908 lium
917 1842 1129 1908 simul
1163 1845 1529 1927 gererent,
1568 1842 1814 1926 prouti
1870 1844 2056 1908 Acta
2112 1843 2625 1925 Apostolorum
2680 1844 2951 1904 testan-

713 1957 855 2015 tur.

887 2055 996 2121 4.⁰
1089 2054 1343 2135 Quoad
1374 2055 1859 2140 Episcopatus
1885 2057 2007 2122 vel
2033 2056 2450 2121 Dioeceses.
2487 2053 2725 2119 Semel
2745 2051 2953 2117 Pres-

715 2163 988 2245 byteris
1019 2181 1152 2246 per
1191 2164 1515 2246 singulas
1553 2164 1893 2228 civitates
1930 2164 2051 2227 vel
2084 2163 2453 2228 Ecclesias
2515 2159 2951 2241 constitutis,

717 2288 877 2335 cum
909 2270 1078 2336 hinc
1109 2288 1450 2335 numerus
1485 2270 1807 2335 fidelium
1868 2270 2183 2335 maxime
2236 2274 2652 2352 augeretur,
2684 2271 2757 2331 et
2803 2266 2957 2330 illic

717 2378 912 2461 apud
942 2380 1137 2461 ipsos
1170 2380 1668 2461 presbyterOS,
1730 2378 1988 2461 quibus
2018 2379 2345 2460 regimen
2406 2375 2786 2459 spirituale
2841 2390 2958 2437 co·

717 2487 1015 2553 llective
1051 2486 1546 2550 concreditum
1607 2491 1791 2570 erat,
1830 2485 2336 2549 aemulationis
2386 2484 2510 2549 vel
2544 2481 2958 2547 ambitionis

689 2612 963 2679 causa,
1024 2596 1294 2678 jurgia,
1356 2595 1655 2659 dissidia
1714 2603 1934 2679 atque
1993 2595 2389 2658 schismata
2449 2595 2954 2674 exsurgerent,

719 2701 1142 2785 Episcopos,
1164 2702 1278 2766 cui
1308 2719 1556 2766 omnes
1583 2701 1998 2784 presbyteri
2028 2701 2621 2783 obtemperarent
2645 2706 2718 2762 et
2740 2697 2958 2778 subji-

723 2815 1084 2893 cerentur,
1128 2813 1347 2875 etiam
1380 2810 1456 2874 in
1487 2810 1883 2874 minoribus
1910 2808 2257 2873 Ecclesiis
2284 2809 2664 2873 instituere
2691 2806 2785 2870 ad
2810 2805 2961 2870 uni-

721 2924 944 2982 tatem
976 2917 1264 2982 facilius
1320 2924 1394 2981 et
1450 2917 1671 2982 tutius
1728 2917 1803 2981 in
1857 2917 2190 2981 Ecclesia
2260 2916 2734 2998 servandam,
2768 2912 2963 2997 quod

723 3025 1054 3107 equidem
1089 3025 1130 3089 J
1142 3026 1250 3090 uri
1306 3024 1552 3091 divino
1610 3030 1686 3089 et
1742 3042 2127 3108 supremae
2192 3023 2459 3091 Christi
2524 3020 2964 3089 ordinationi

723 3133 940 3198 valde
975 3138 1542 3197 consentaneum
1579 3141 1762 3198 erat.

899 3239 1004 3305 5.⁰
1096 3238 1351 3320 Quoad
1377 3237 1660 3304 Gradus
1685 3238 2197 3305 Hierarchicos
2230 3244 2302 3304 et
2327 3239 2957 3304 ArchidioeceseS.

727 3347 1340 3429 Quemadmodum
1377 3365 1509 3431 pro
1543 3349 1733 3412 bono
1768 3349 1974 3431 pacis
2008 3353 2081 3412 et
2109 3348 2491 3412 charitatis
2524 3345 2857 3429 Apostoli
2888 3345 2964 3409 in

731 3473 1162 3539 unaquaque
1196 3455 1496 3520 civitate
1531 3458 1658 3519 aut
1695 3455 2011 3520 ecclesia
2044 3438 2445 3538 Episcopos
2512 3470 2732 3537 super
2766 3469 2963 3536 pres·

725 3566 1022 3646 byteros
1073 3567 1506 3647 statuerunt,
1546 3565 1653 3628 ita
1686 3563 1906 3628 etiam
1975 3568 2051 3628 ut
2114 3564 2487 3628 vinculum
2552 3562 2851 3626 unitatis
2892 3563 2966 3624 et

729 3672 1249 3739 communionis
1282 3690 1507 3755 penes
1575 3690 1825 3737 omnes
1889 3671 2316 3754 Episcopos,
2388 3670 2510 3754 qui
2574 3674 2774 3734 certe
2799 3668 2967 3750 jure

729 3780 973 3847 divino
1010 3786 1221 3846 erant
1285 3799 1531 3846 omnes
1568 3780 1940 3864 aequaleS,
1981 3780 2251 3862 arctius
2301 3784 2374 3843 et
2439 3779 2791 3862 perpetuo
2856 3793 2959 3840 as-

870 3961 946 4025 (1)
1020 3959 1076 4011 si
1103 3957 1421 4024 admittitur
1445 3959 1732 4013 sententia
1761 3957 2105 4024 probabilior
2132 3971 2324 4010 eorum
2352 3955 2449 4023 qui
2476 3963 2809 4009 asseverant
2829 3968 2969 4006 mor-

729 4036 846 4082 tem
872 4031 1081 4083 Christi
1107 4045 1258 4083 anno
1285 4029 1489 4082 XXIX
1537 4030 1860 4096 praedictae
1903 4045 2069 4082 aerae
2116 4030 2439 4095 contigisse.
2492 4025 2768 4088 Quamvis
2816 4027 2970 4078 enim

731 4109 1030 4169 computus
1057 4102 1488 4166 chronologicus
1512 4099 1776 4167 Dionysii
1802 4101 2012 4168 Exigui
2059 4099 2231 4153 hodie
2260 4101 2641 4152 communiter
2678 4102 2971 4164 receptum

731 4180 835 4242 est,
861 4189 1062 4227 omnes
1085 4177 1280 4226 tamen
1304 4172 1671 4226 consentiunt
1696 4175 1757 4224 in
1783 4187 1851 4225 eo
1893 4173 2044 4240 quod
2089 4185 2269 4225 annus
2297 4168 2568 4240 proprius
2634 4168 2969 4224 Nativitatis

735 4247 964 4302 Domini
989 4245 1062 4299 ab
1087 4260 1232 4300 anno
1256 4243 1576 4313 dionysiano
1599 4244 2071 4311 distinguendum
2097 4245 2188 4297 nit.
