3332 5100
1296 275 1657 332 -161—

360 420 648 482 cuentia
685 424 971 482 actuum
1009 419 1467 482 uniformium
1505 418 1759 497 oritur3
1797 418 2175 498 diuturnis,
2215 418 2384 500 quia
2422 438 2594 482 non-

356 528 494 590 nisi
525 532 685 608 post
715 532 997 608 tempus
1035 528 1442 590 diuturnum
1478 526 1814 608 repetitio
1864 532 2153 589 actuum
2189 525 2261 590 in
2297 542 2592 588 consue-

356 636 679 698 tudinem
715 636 999 714 transit;
1037 643 1109 698 et
1143 634 1506 716 postremo
1542 655 1696 697 cum
1722 634 1953 716 aliquo
1987 633 2410 717 leyislatorz's
2440 654 2592 698 con-

354 764 582 822 sensu,
624 742 793 822 quia
825 744 885 804 si
935 760 1079 807 non
1105 740 1434 820 accedat,
1464 739 1597 804 sub
1635 757 1779 803 una
1843 739 1964 803 vel
2026 741 2263 803 altera
2328 740 2590 820 forma,

356 850 727 930 personali
765 854 887 912 aut
913 850 1157 930 legali,
1195 866 1544 930 expressa
1592 851 1722 910 aut
1756 847 1983 911 tacita
2015 848 2134 911 vel
2173 864 2592 928 praesump-

352 962 452 1038 ta,
492 958 933 1038 legislatoris
971 973 1389 1036 censetisne,
1410 973 1553 1020 non
1579 953 1887 1020 habetur
1913 972 2095 1019 vera
2119 954 2590 1034 consuetude,

350 1065 492 1128 hoc
530 1068 661 1146 est,
697 1064 1031 1146 repetitio
1095 1072 1382 1127 actuum
1446 1080 1818 1148 nunquam
1878 1062 1953 1126 in
2003 1062 2594 1146 consuetudinem

346 1174 534 1254 juris
562 1172 967 1234 deveniret.

532 1278 616 1340 In
648 1278 787 1340 hac
819 1294 1101 1358 quoque
1139 1274 1554 1340 definitione
1590 1279 1902 1358 quatuor
1934 1274 2402 1339 inveniuntur
2430 1294 2592 1338 con-

356 1384 689 1464 ditiones,
723 1402 907 1465 quae
947 1382 1304 1446 communi
1332 1383 1762 1462 jnristarum
1795 1387 1868 1446 et
1902 1381 2404 1463 theologorum
2450 1384 2592 1446 cal-

354 1494 518 1556 culo
556 1492 646 1554 ad
681 1490 1279 1554 introducendam
1315 1490 1910 1554 consuetudinem
1935 1492 2083 1553 vim
2119 1489 2301 1571 legis
2328 1490 2592 1554 haben-

352 1606 500 1664 tem
536 1600 1027 1680 requiruntur‚
1059 1597 1343 1679 nempe:
1386 1596 1488 1662 l.a
1521 1603 1597 1660 ut
1631 1597 1726 1661 sit
1787 1595 2268 1678 rationabili8‚
2329 1597 2402 1659 id
2456 1600 2588 1678 est,

354 1708 552 1772 utilis
588 1714 663 1770 et
693 1708 1029 1788 honesta,
1049 1708 1232 1770 sicut
1258 1706 1628 1788 quaelibet
1652 1706 1800 1785 leX,
1824 1703 2016 1787 quod
2044 1703 2428 1768 denotatur
2460 1722 2588 1784 per

352 1816 659 1879 verbum
679 1814 959 1900 ju8,·2.³
991 1820 1067 1878 ut
1103 1814 1478 1880 duraverit
1502 1817 1832 1895 tempore
1857 1811 2232 1894 requisito,
2254 1812 2442 1894 quod
2470 1830 2592 1874 vo-

358 1940 442 1984 ce
480 1924 835 1986 diuturnis
861 1924 1336 2004 significatum
1369 1923 1473 1987 3.ιι
1500 1926 1578 1987 ut
1608 1921 2110 1988 intercesserit
2169 1921 2416 1987 debita
2476 1940 2590 1986 ac-

352 2034 556 2092 tuum
590 2030 1023 2110 frecuentia,
1063 2036 1135 2092 et
1167 2030 1304 2094 hoc
1338 2030 1767 2113 exprimitur
1829 2030 2192 2096 vocabulo
2257 2032 2594 2110 mov-ibae,-

350 2136 454 2200 4³²
488 2142 568 2200 ut
604 2138 793 2200 adsit
831 2154 1224 2200 consensus
1277 2135 1782 2220 Legislatoris,
1834 2137 1940 2201 uti
1998 2135 2378 2202 declarant
2442 2158 2594 2202 cum

348 2246 610 2328 alique,
648 2250 787 2308 etc.

534 2352 685 2414 136.
781 2350 985 2414 Haec
1019 2354 1329 2432 quatuor
1364 2352 1594 2415 verba
1625 2351 1919 2434 habitus,
1953 2373 2143 2433 usus,
2175 2372 2318 2415 mos
2345 2354 2414 2414 et
2440 2372 2600 2414 con-

352 2460 636 2524 suetudo
673 2460 961 2541 vulgari
981 2458 1324 2541 loquendi
1357 2476 1692 2522 sermone
1726 2459 2071 2523 confundi
2098 2458 2359 2537 solent,
2396 2466 2466 2520 et
2488 2460 2588 2518 ta-

352 2585 518 2629 men
554 2567 771 2629 valde
805 2567 993 2629 inter
1029 2585 1105 2629 se
1143 2566 1754 2647 discriminantur,
1794 2567 1854 2630 si
1880 2566 2269 2648 genuinam
2327 2580 2590 2628 vocum

350 2675 721 2737 notionem
753 2673 1224 2755 inquiramus,
1283 2672 1654 2753 EJusmodi
1711 2673 2075 2737 vocabula
2140 2671 2586 2736 conveniunt

352 2781 422 2843 in
456 2781 600 2844 hoc
636 2781 995 2859 communi
1023 2787 1402 2861 conceptu,
1433 2780 1805 2858 videlicet,
1844 2780 2037 2863 quod
2101 2784 2251 2843 tam
2315 2779 2588 2843 habitus

354 2893 422 2951 et
446 2911 638 2967 usus,
679 2907 893 2969 quam
927 2909 1071 2953 mos
1105 2895 1177 2951 et
1209 2888 1618 2952 con-suetudo
1676 2905 1769 2952 ex
1831 2887 2267 2969 repetitione
2303 2885 2422 2949 vel
2452 2887 2590 2947 fre-

354 2995 646 3059 cuentia
685 3003 973 3057 actuum
1001 2997 1349 3073 oriantur3
1387 2994 1514 3059 sed
1547 2994 1900 3059 differunt
1932 2995 2007 3059 in
2042 3013 2125 3058 eo
2179 2993 2368 3077 quod
2402 2995 2590 3057 habi-

354 3107 460 3165 tus
498 3107 632 3163 est:
701 3101 1053 3165 “facultas
1111 3101 1453 3183 expedita
1494 3103 1761 3184 agendi
1802 3102 2235 3185 repetitione
2296 3105 2590 3163 actuum

354 3209 438 3271 ab
466 3215 733 3291 agente
755 3209 1107 3291 singulari
1135 3210 1564 3295 adquisita„:
1594 3233 1761 3276 usus
1790 3217 1923 3274 est:
1967 3209 2257 3291 “praxis
2284 3226 2410 3272 seu
2438 3225 2578 3271 mo-

356 3315 482 3379 dus
514 3315 779 3397 agendi
807 3319 1237 3397 repetitione
1274 3323 1567 3382 actuum
1601 3316 1936 3382 inductus
1995 3334 2039 3380 a
2073 3317 2396 3398 pluribus
2458 3315 2592 3379 vel

354 3425 606 3503 paucis
644 3425 1027 3505 agentibus
1067 3427 1339 3507 absque
1376 3424 1983 3488 determinatione
2030 3424 2378 3507 numeri„:
2438 3443 2582 3485 mos

356 3537 484 3593 est:
508 3533 887 3615 “repetitio
913 3537 1201 3595 actuum
1221 3533 1441 3596 totius
1455 3532 1578 3598 vel
1605 3533 1901 3613 majoris
1921 3532 2151 3613 partis
2182 3529 2578 3607 societatiS,

358 3639 891 3703 communitatis
929 3645 1053 3703 aut
1087 3639 1360 3721 populi,
1391 3639 1519 3703 sed
1553 3640 1828 3722 absque
1866 3637 2396 3703 conditionibus
2466 3653 2584 3697 ne-

360 3747 693 3811 cessariis
723 3747 815 3809 ad
843 3746 1420 3811 constituendum
1449 3748 1593 3828 juS,
1624 3747 1749 3811 vel
1788 3763 1879 3809 ex
1914 3745 2203 3809 defectu
2237 3743 2590 3807 scientiae

358 3855 841 3937 voluntariae,
867 3857 987 3919 vel
1023 3873 1115 3917 ex
1145 3855 1431 3918 defectu
1459 3855 1725 3935 objecti
1753 3854 2055 3935 proprii,
2086 3852 2207 3917 vel
2234 3870 2327 3916 ex
2345 3851 2588 3937 ‘defec-

360 3963 430 4023 tu
456 3945 871 4045 temporie„:
941 3964 1351 4028 consuetudo
1385 3963 1680 4045 proprie
1715 3962 1910 4026 dicta
1948 3966 2081 4025 est:
2146 3959 2590 4025 “frecuentia

362 4075 646 4131 actuum
681 4070 897 4131 totius
927 4071 1047 4133 vel
1087 4070 1381 4151 majoris
1419 4071 1650 4151 partis
1687 4069 2221 4132 communitatis
2250 4087 2410 4133 cum
2446 4087 2588 4131 om-

364 4175 566 4237 nibus
596 4177 961 4257 requisitis
971 4227 989 4259 ,
1021 4197 1207 4259 quae
1243 4178 1748 4242 desiderantur
1782 4177 1876 4240 ad
1908 4178 2436 4242 efformandam
2472 4195 2590 4241 ve-

2422 4283 2482 4331 12
