3332 5100
1355 328 1672 391 ...69-

806 522 1091 616 Regulae
1132 524 1205 597 in
1253 524 1442 599 Sexto
1488 526 1924 602 Decretalium
1968 529 2226 605 relatae.

568 723 628 787 I.
724 722 1164 788 Beneficium
1214 724 1789 789 ecclesiasticum
1826 744 1972 792 non
2005 729 2246 810 potest
2292 728 2490 794 licite
2545 728 2636 794 si·

383 847 482 893 ne
518 831 873 894 canonica
904 830 1359 895 institutione
1394 831 1731 897 obtineri.

571 937 664 999 II.
764 937 1145 1002 Possessor
1182 938 1419 1003 malae
1453 937 1623 1004 fidei
1655 939 1804 1004 ullo
1855 944 2183 1024 tempore
2226 960 2372 1009 non
2429 958 2636 1025 prae-

383 1045 666 1109 scribit.

569 1151 702 1215 III.
800 1149 966 1217 Sine
994 1153 1456 1234 possessione
1489 1154 1974 1238 praescriptio
2009 1174 2156 1222 non
2190 1156 2544 1239 procedit.

568 1259 692 1323 IV.
790 1258 1176 1324 Peccatum
1200 1277 1348 1324 non
1377 1260 1784 1339 dimittitur,
1815 1262 1958 1328 nisi
1983 1264 2413 1329 restituatur
2441 1264 2640 1329 abla-

385 1369 568 1429 tum.

572 1471 656 1535 V.
754 1473 1045 1557 Peccati
1079 1474 1297 1555 venia
1324 1492 1471 1538 non
1507 1474 1724 1540 datur
1755 1476 1894 1540 nisi
1920 1479 2276 1542 correcto.

570 1579 694 1643 VI.
794 1579 1015 1645 Nemo
1050 1584 1293 1662 potest
1331 1580 1423 1644 ad
1455 1582 1868 1665 imposibile
1902 1583 2234 1666 obligari.

572 1685 730 1749 VII.
820 1685 1294 1767 Privile'gium
1327 1689 1716 1769 personale
1751 1706 2141 1772 personam
2176 1690 2528 1772 sequitur,
2567 1693 2640 1754 et

389 1793 843 1873 extinguitur
878 1810 1040 1856 cum
1075 1809 1414 1874 persona.

574 1899 770 1963 VIII.
864 1896 1105 1963 Semel
1136 1898 1395 1981 malus,
1427 1916 1717 1983 semper
1744 1900 2231 1983 praesumitur
2266 1901 2523 1965 malus.

572 2007 700 2069 IX.
798 2006 1055 2070 Ratum
1104 2006 1263 2088 quis
1309 2005 1582 2073 habere
1638 2026 1784 2073 non
1839 2011 2103 2091 potest,
2163 2007 2356 2091 quod
2410 2008 2636 2091 ipsius

387 2113 682 2177 nomine
712 2132 854 2177 non
886 2118 1001 2177 est
1036 2117 1344 2195 gestum.

574 2221 664 2285 X.
762 2220 1373 2287 Ratihabitionem
1408 2223 1831 2306 retrotrahi,
1869 2229 1943 2290 et
1990 2225 2334 2290 mandato
2393 2224 2637 2309 aequi-

389 2329 670 2411 parari,
710 2346 854 2391 non
893 2331 1005 2392 est
1038 2328 1356 2394 dubium.

574 2435 702 2499 XI.
804 2433 976 2501 Cum
1004 2436 1147 2501 sint
1173 2437 1485 2519 partium
1505 2439 1675 2520 jura
1702 2440 2039 2521 obscura,
2076 2457 2202 2504 reo
2244 2439 2639 2506 favendum

393 2547 510 2607 est
540 2545 776 2625 potius
810 2563 1028 2627 quam
1063 2546 1322 2611 actori.

574 2651 739 2715 XII.
834 2653 919 2717 In
945 2652 1236 2734 judiciis
1292 2673 1436 2719 non
1471 2659 1582 2719 est
1622 2657 1954 2738 acceptio
2004 2674 2479 2740 personarum
2515 2656 2638 2721 ha-

391 2760 658 2824 benda.

574 2866 776 2932 XIII.
870 2866 1301 2950 Ignorantia
1333 2867 1541 2949 facti,
1581 2886 1728 2933 non
1756 2869 1968 2951 juriS,
2009 2873 2338 2933 excusat.

574 2974 770 3038 XIV.
868 2971 1047 3039 Cum
1081 2976 1241 3057 quis
1266 2975 1339 3038 in
1362 2974 1481 3056 jus
1517 2975 1846 3039 succedit
1872 2976 2200 3059 alterius,
2227 2976 2254 3057 j
2267 2979 2501 3040 ustam
2534 2976 2637 3059 ig-

395 3084 780 3146 norantiae
817 3099 1113 3146 causam
1150 3084 1487 3145 censetur
1524 3080 1821 3145 habere.

576 3190 732 3252 XV.
832 3185 1016 3253 Odia
1045 3188 1391 3270 restringi
1425 3190 1497 3251 et
1530 3187 1830 3252 favores
1876 3189 2224 3254 convenit
2271 3188 2635 3271 ampliari.

576 3296 770 3358 XVI.
867 3293 1098 3358 Decet
1125 3311 1549 3358 concessum
1580 3313 1625 3358 a
1651 3294 1991 3378 Principe
2026 3295 2455 3360 beneficium
2480 3309 2640 3360 esse

395 3420 840 3466 mansurum.

578 3510 807 3574 XVII.
903 3508 1269 3575 Indultum
1304 3529 1349 3574 a
1376 3510 1541 3592 jure
1580 3510 2012 3576 beneficium
2069 3529 2213 3576 non
2263 3515 2373 3576 est
2422 3507 2641 3575 alicui

397 3618 904 3682 auferendum.

578 3725 846 3790 XVIII.
941 3724 1101 3790 Non
1134 3725 1463 3790 firmatur
1498 3727 1739 3789 tractu
1773 3726 2151 3809 temporie,
2191 3723 2383 3807 quod
2416 3666 2557 3789 de·
2528 3744 2640 3812 Ju-

396 3852 480 3898 re
518 3834 606 3898 ab
642 3834 845 3897 initio
877 3851 1023 3897 non
1055 3833 1408 3897 subsistit.

576 3940 778 4004 XIX.
873 3938 1033 4004 Non
1060 3943 1169 4003 est
1202 3939 1361 4003 sine
1388 3939 1632 4022 culpa,
1665 3939 1788 4021 qui
1823 3939 1931 4002 rei
1963 3955 2152 4020 quae
2181 3936 2272 4001 ad
2306 3953 2470 4003 eum
2497 3956 2644 4004 non

397 4046 742 4130 pertinet,
786 4063 865 4110 se
892 4045 1273 4110 immiscet
1831 4066 1834 4070 ’

576 4154 742 4218 XX.
836 4152 1091 4218 Nullus
1153 4153 1485 4236 pluribus
1586 4154 1692 4219 uti
1776 4091 2314 4217 defensionibus
2402 4149 2642 4235 prohi-

397 4264 638 4328 betur.
