3332 5100
1368 290 1722 351 *221—

423 439 513 503 de
549 439 671 503 vel
707 437 1260 501 amanuensium
1300 454 1545 501 errore
1580 437 1707 501 aut
1739 435 2155 518 ignorantia
2187 435 2411 499 fuisse
2447 433 2657 499 vitia-

423 551 565 629 tas,
597 549 1102 629 argumentum
1136 547 1492 627 praebere
1519 546 1823 627 possunt
1850 541 2209 626 dogmatis
2247 547 2465 625 atque
2525 543 2657 605 dis-

423 655 741 737 ciplinae
774 653 1024 735 primis
1090 651 1466 715 Ecclesiae
1511 652 1960 733 temporibus
2024 651 2365 733 vigentiS,
2433 651 2663 717 veluti

425 761 800 845 quaelibet
836 759 984 823 alia
1016 765 1482 823 monumenta
1514 758 1621 823 III
1658 759 1782 825 vel
1806 757 1907 824 IV
1935 759 2237 823 saeculi.

607 867 757 933 194.
860 865 1166 933 Oenone-s·
1206 865 1719 951 Apostolorum.
1772 866 2143 931 Postremo
2211 865 2437 949 capiti
2497 867 2665 931 libri

425 973 605 1037 VIII
637 973 1222 1055 Apostolicarum
1260 973 1867 1039 constitutionum
1929 973 2309 1055 subjicitur
2373 973 2667 1055 quidam

427 1081 808 1161 catalogus
844 1081 1334 1161 complectens
1362 1079 1757 1145 secundum
1782 1079 1961 1145 alios
1991 1081 2279 1145 codices
2315 1079 2665 1161 quinqua-

427 1189 655 1271 ginta,
687 1189 1083 1253 secundum
1118 1189 1298 1253 alios
1336 1188 1708 1271 octoginta
1737 1188 2051 1272 quinque
2085 1189 2349 1253 breves
2383 1191 2667 1251 senten-

427 1297 569 1359 tias
599 1313 786 1377 quae
814 1301 1236 1379 sequentem
1266 1297 1609 1361 exhibent
1633 1296 1945 1361 titulum:
1972 1295 2275 1365 Canones
2295 1295 2421 1361 SS.
2451 1295 2659 1379 Apos-

435 1405 735 1469 tolorum.
753 1424 886 1487 per
916 1401 1322 1469 Clementem
1346 1405 1755 1487 Romanum,
1791 1426 1835 1469 a
1889 1405 1972 1470 Β.
2011 1406 2216 1471 Petro
2273 1405 2669 1469 ordinat-um

425 1511 876 1595 Episcopum,
908 1511 1098 1575 editi.
1140 1509 1248 1573 De
1282 1511 1480 1575 hisce
1510 1513 1689 1576 vero
1725 1512 2125 1576 canonibus
2153 1515 2430 1575 rectum
2485 1511 2669 1591 judi-

429 1619 619 1683 cium
655 1621 988 1701 proferre
1024 1619 1454 1701 perdifficile
1488 1620 1666 1684 sane
1700 1625 1830 1703 est,
1875 1637 2039 1684 cum
2103 1639 2369 1701 magna
2427 1623 2669 1681 exstat

427 1727 619 1791 inter
647 1727 968 1791 eruditos
1004 1727 1508 1791 controversia
1541 1726 1631 1791 de
1685 1726 2101 1791 eorumdem
2163 1727 2667 1789 authenticita-

428 1837 527 1915 te,
569 1835 848 1915 origine
876 1839 1096 1917 atque
1130 1835 1592 1900 auctoritate.
1630 1834 1790 1900 Hac
1825 1835 1914 1899 de
1947 1852 2028 1899 re
2091 1835 2418 1899 nonnihil
2483 1835 2667 1899 dice-

427 1959 611 2007 mus,

615 2049 768 2113 195.
866 2047 976 2113 An
1008 2049 1148 2113 sint
1192 2049 1592 2115 authentici.
1660 2048 1773 2113 De
1832 2050 2389 2115 authenticitate
2445 2049 2671 2115 Cano·

433 2175 603 2221 num
637 2157 1156 2239 Apostolorum
1186 2161 1492 2239 quatuor
1525 2160 1966 2240 praecipuas
2015 2159 2423 2232 ‚sententias
2483 2155 2675 2239 apud

433 2265 725 2329 criticos
751 2265 1190 2329 invenimus:
1228 2265 1352 2327 alii
1378 2265 1568 2327 hanc
1604 2265 2113 2331 collectionem
2147 2267 2515 2347 Apostolis
2551 2263 2671 2327 tri-

431 2375 661 2437 buunt
695 2373 1154 2439 vindicantes
1184 2373 1416 2437 eidem
1452 2373 1951 2456 Apostolicam
1981 2376 2515 2453 auctoritatem;
2551 2376 2675 2437 alii

433 2499 683 2546 omnes
719 2483 1038 2546 canones
1074 2481 1590 2564 Apostolorum
1623 2482 2085 2566 apocryphos
2155 2488 2477 2564 censent3
2547 2484 2673 2546 ali-

435 2590 557 2673 qui
591 2608 749 2652 cum
804 2588 846 2652 J
854 2608 1088 2652 oanne
1128 2590 1434 2652 Dallaeo
1503 2590 1922 2654 calviniano
1986 2592 2431 2655 contendunt
2489 2592 2551 2672 ej
2565 2610 2673 2654 us-

433 2696 627 2760 modi
653 2696 1072 2778 catalogum
1106 2698 1238 2760 sub
1270 2698 1410 2760 fine
1448 2696 1509 2762 V
1570 2698 1848 2762 saeculi
1913 2717 1957 2762 a
2011 2698 2323 2780 quodam
2391 2698 2673 2764 Graeco

431 2802 804 2868 haeretico
838 2804 1060 2866 fuisse
1100 2792 1346 2866 omnes
1398 2803 1742 2867 confictos
1799 2808 1872 2868 et
1928 2806 2215 2868 nomine
2287 2806 2667 2886 Apostolo-

433 2928 595 2974 rum
629 2910 996 2990 vulgatos3
1032 2910 1278 2990 plures
1308 2910 1617 2992 denique
1678 2927 1840 2975 cum
1900 2911 2369 2994 Bellarmino,
2431 2912 2677 2994 Soglia

435 3020 507 3080 et
541 3016 924 3080 Fratribus
952 3016 1332 3080 Ballerinii
1366 3018 1563 3082 viam
1610 3017 1922 3082 mediam
1985 3019 2449 3102 insequentes
2509 3038 2673 3102 par-

433 3126 569 3188 tim
621 3124 990 3206 Apostolis
1060 3124 1508 3208 adscribunt,
1568 3127 1838 3208 partim
1903 3127 2157 3192 iisdem
2225 3128 2671 3210 abJudicant.

437 3232 1044 3314 Unamquamque
1076 3234 1512 3298 sententiam
1544 3234 1821 3317 absque
1863 3236 2335 3318 praeJudiciis
2369 3236 2443 3298 in
2505 3254 2675 3300 exa-

435 3358 601 3404 men
635 3356 1000 3404 vocemus.

619 3448 715 3510 L*
804 3448 1044 3512 Hosce
1078 3450 1610 3514 vetustissimos
1645 3467 1965 3516 canones
2029 3452 2493 3534 Apostolicos
2551 3468 2675 3514 vo·-

437 3558 615 3618 cant
649 3558 723 3618 et
747 3558 1118 3636 tamquam
1146 3560 1498 3638 genuinos
1531 3557 2006 3640 sincerosque
2039 3558 2434 3622 defendunt
2487 3556 2680 3638 apud

437 3666 776 3746 antiquos
814 3662 1324 3728 Constantinus
1348 3666 1780 3747 Imperator,
1813 3665 2141 3747 Synodus
2167 3666 2665 3730 Constantino-

439 3774 772 3854 politana
808 3774 938 3836 sub
966 3774 1026 3838 N
1034 3776 1336 3854 ectariO,
1368 3772 1769 3838 Concilium
1802 3772 2269 3855 Ephesinum,
2339 3772 2675 3836 Teodosi-

441 3898 551 3960 us,
591 3880 633 3944 J
639 3880 1046 3944 ustinianus
1082 3900 1168 3944 ac
1203 3880 1635 3962 praesertim
1660 3879 1732 3944 S.
1769 3879 1813 3944 J
1819 3898 2091 3944 oannes
2151 3880 2677 3962 Damascenus‚

439 3988 563 4068 qui
597 4004 679 4050 eo
719 4006 942 4068 usque
978 4006 1406 4070 progressus
1444 3991 1576 4069 est,
1614 3992 1693 4051 ut
1729 4004 2046 4051 canones
2081 3988 2539 4070 Apostolicos
2575 3990 2680 4052 in-

437 4102 549 4156 ter
577 4092 840 4156 Sauras
906 4092 1318 4176 Scripturas
1384 4111 1772 4158 recensere
1832 4111 1977 4157 non
2036 4094 2505 4176 dubitaverit,
2575 4096 2680 4158 ita

439 4200 972 4264 scribens2Jam
998 4208 1156 4266 vero
1188 4204 1344 4268 novi
1366 4202 1778 4268 Testamenti
1811 4202 1978 4266 libri
2003 4203 2123 4268 isti
2149 4212 2331 4268 sunt.
2371 4202 2680 4278 Quacum·
