3332 5100
1344 318 1657 377 —41-

381 476 596 529 neam
629 450 1142 545 et'fallibilem,
1183 462 1454 546 quippe
1510 478 1699 546 quae
1731 460 2259 529 institutionem
2298 458 2620 527 divinam

382 569 760 635 confundit
791 586 954 633 cum
985 570 1200 651 praxi
1231 570 1354 634 vel
1411 569 1901 653 exequutione
1958 568 2185 653 ipsius
2242 566 2623 651 praecepti

382 679 508 738 aut
539 675 1018 741 ordinationis
1050 694 1096 741 a
1128 674 1284 739 Deo
1340 674 1743 757 profectae;
1808 694 1980 739 nam
2013 672 2339 739 Christus
2378 672 2619 738 Domi-

379 798 516 845 nus
540 784 776 863 potuit
800 782 1076 865 aliquid
1099 786 1425 846 statuere
1448 779 1572 864 vel
1589 780 1874 862 Jubere,
1905 780 2099 865 quod
2124 785 2372 845 tamen
2398 780 2619 844 adim·

381 886 778 969 pfletionem
809 893 938 954 aut
970 886 1462 954 evolutionem
1495 886 1785 951 nonnisi
1817 892 1981 969 post
2012 887 2314 951 multum
2346 892 2619 969 tempo-

381 994 482 1059 ris
519 994 906 1077 obtineret3
941 996 1148 1078 cujus
1183 993 1472 1077 quidem
1511 994 1935 1059 assertionis
1969 994 2247 1059 veritas
2284 1010 2377 1057 ex
2402 992 2621 1057 histo·

380 1100 494 1165 ria
527 1101 1034 1168 ecclesiastica
1067 1100 1524 1184 apertissime
1559 1104 1873 1184 constat,
1932 1101 2037 1165 uti
2101 1100 2354 1166 videre
2388 1100 2502 1165 est
2546 1098 2623 1164 in

345 1234 350 1241 ·
381 1206 851 1288 sequentibus
885 1206 1240 1289 exemplis
1273 1221 1430 1271 rem
1460 1208 1689 1271 totam
1725 1204 2263 1271 roborantibus.

558 1312 669 1378 41.
755 1312 852 1379 1.⁰
875 1311 1132 1394 Quoad
1150 1310 1741 1379 communionem
1758 1310 2359 1377 Eucharisticam.
2373 1309 2623 1377 Sciens

380 1417 616 1485 Divus
648 1417 916 1485 Paulus
951 1413 1244 1500 abusus,
1285 1419 1408 1501 qui
1441 1417 1637 1501 apud
1693 1415 2105 1484 Corinthios
2170 1419 2625 1502 irrepserant

381 1532 682 1609 propter
715 1542 1020 1608 agapas,
1073 1512 1346 1591 eisdem
1385 1525 1825 1610 praecripsit
1882 1524 2237 1607 quasdam
2296 1526 2619 1608 regulas,

381 1650 598 1716 quae,
635 1634 969 1715 quamvis
1031 1632 1325 1698 divinae
1382 1631 1881 1715 institutioniS,
1912 1640 2156 1697 tamen
2195 1634 2446 1715 vigere
2478 1650 2625 1697 non

383 1746 784 1823 coeperunt
816 1757 1042 1823 usque
1077 1743 1274 1805 tunc:
1314 1739 1404 1803 de
1442 1739 1695 1804 divina
1743 1728 2197 1805 institutione
2250 1740 2624 1822 ambigere

377 1846 586 1911 locus
619 1865 766 1912 non
797 1854 932 1928 est,
970 1848 1256 1913 dicente
1283 1846 1630 1929 explicite
1663 1848 1822 1929 ipso
1858 1848 2235 1930 Apostolo:
2269 1847 2416 1933 Eyo
2443 1849 2624 1913 enim

382 1955 619 2038 accepi
652 1974 696 2017 a
728 1954 1029 2019 Domino
1065 1954 1244 2037 quod
1273 1960 1337 2019 et
1369 1954 1639 2018 tradidi
1674 1955 1887 2019 vobis.

563 2058 668 2124 2?
759 2058 1014 2140 Quoad
1047 2060 1606 2125 Matrimonium.
1645 2058 1848 2125 Idem
1882 2060 2149 2125 Paulus
2185 2060 2627 2127 Matrimonii

383 2169 765 2235 christiani
797 2170 1148 2235 unitatem
1211 2170 1723 2250 corroborans,
1760 2178 2165 2253 praecepta
2188 2171 2345 2251 jam
2378 2176 2550 2234 ante
2580 2188 2627 2235 a

381 2276 694 2341 Domino
729 2276 926 2341 edita
987 2276 1411 2341 solemniter
1473 2276 1676 2341 hisce
1739 2277 1987 2341 verbis
2048 2277 2487 2359 promulgat:
2524 2277 2629 2343 Iis

383 2384 506 2468 qui
535 2384 974 2449 matrimonio
988 2385 1226 2469 juncti
1259 2389 1422 2448 aunt
1437 2384 1829 2467 praecipio,
1860 2405 1997 2451 non
2044 2404 2161 2471 eqo
2213 2386 2334 2450 sed
2387 2385 2628 2450 Domi-

380 2512 541 2576 nus,
574 2514 860 2560 umorem
893 2514 938 2558 a
971 2496 1124 2559 viro
1147 2514 1283 2558 non
1317 2492 1689 2576 discedere,
1726 2500 1852 2558 etc.

563 2601 668 2666 3.⁰
759 2599 1015 2682 Quoad
1071 2602 1693 2684 Presbyteratum.
1754 2601 1980 2666 Nemo
2046 2587 2158 2664 est
2192 2599 2314 2682 qui
2349 2598 2631 2663 dubitet

379 2707 714 2774 ordinem
746 2705 1306 2790 Presbyteratus
1341 2725 1388 2771 a
1419 2689 1705 2772 Christo
1739 2707 2049 2771 Domino
2086 2705 2311 2770 fuisse
2348 2704 2627 2768 institu-

377 2819 562 2898 tum3
595 2814 725 2880 sed
759 2832 1010 2880 omnes
1039 2815 1252 2880 simul
1285 2821 1550 2880 norunt
1589 2814 2006 2897 primordiis
2070 2811 2451 2877 Ecclesiae
2482 2829 2631 2875 non

377 2923 716 2988 extitisse
741 2922 1163 2988 sacerdotes
1195 2922 1497 2988 secundi
1523 2922 1793 2988 ordinis
1822 2939 1952 2986 seu
1986 2937 2225 2986 meros
2256 2919 2629 3002 presbyte-

375 3047 506 3094 ros
539 3031 907 3111 sejunctos
941 3031 1034 3094 ab
1071 3029 1432 3112 episcopis
1467 3046 1596 3094 seu
1628 3028 2133 3093 sacerdotibus
2168 3027 2387 3110 primi
2442 3025 2628 3090 ordi-

377 3137 524 3220 nis3
566 3139 832 3202 etenim
865 3138 1362 3220 Apostolkpro
1401 3137 1817 3202 Ecclessiae
1864 3137 2236 3202 nascentis
2273 3134 2629 3216 regimine

383 3248 462 3310 et
494 3245 1120 3312 administratione
1153 3249 1649 3313 necessarium
1684 3249 2195 3314 existimarunt
2216 3247 2413 3312 solos
2445 3247 2629 3330 epis·
2692 3283 2703 3288 -

384 3370 612 3436 copos
645 3355 1010 3422 ordinare:
1050 3357 1242 3440 quod
1280 3361 1357 3422 ut
1401 3357 1664 3422 melius
1717 3357 2171 3440 intelligatur
2204 3358 2336 3421 abs
2371 3373 2452 3421 re
2484 3373 2633 3420 non

384 3463 532 3528 erit
557 3464 636 3528 in
693 3464 1006 3531 medium
1061 3467 1396 3550 proferre
1427 3465 1897 3531 traditionem
1940 3465 2417 3530 veneratione
2480 3463 2631 3546 dig·

383 3588 582 3654 nam,
620 3589 833 3653 quam
860 3579 1266 3638 memorant
1298 3571 1370 3637 S.
1407 3572 1917 3655 Hieronymus,
1954 3571 2381 3654 Eusaebius,
2411 3569 2630 3653 Apol-

383 3678 650 3762 loniuS,
689 3680 804 3743 cui
840 3680 1060 3746 etiam
1095 3682 1590 3746 assentiuntur
1624 3679 1987 3746 Bollandi.
2023 3680 2247 3762 Ajunt
2280 3675 2633 3759 eiusmodi

383 3788 786 3869 scriptores
843 3785 1206 3854 Christum
1241 3791 1314 3854 in
1339 3791 1635 3855 'coelum
1692 3789 2205 3854 ascendentem
2260 3785 2633 3869 Apostolis

384 3896 855 3978 praecepisse
889 3896 1082 3979 quod
1115 3897 1491 3962 duodecim
1525 3915 1881 3962 annorum
1944 3896 2180 3979 spatio
2221 3914 2264 3958 a
2295 3893 2632 3959 Hieroso-

383 4001 602 4085 lymis
633 4010 707 4068 et
737 4003 1156 4070 Palaestina
1186 4023 1278 4069 ne
1312 4004 1793 4087 discederent;
1833 4023 1978 4088 qua
2026 4003 2115 4068 de
2176 4021 2427 4082 causa,
2467 4002 2635 4067 dum

385 4112 770 4178 multitudo
805 4113 1124 4178 fidelium
1182 4113 1527 4179 limitibus
1587 4113 1770 4179 adeo
1826 4113 2047 4178 finitis
2110 4117 2270 4178 erat
2334 4113 2634 4178 circum-

387 4221 693 4304 scripta,
709 4221 1116 4304 minorique
1145 4223 1635 4288 ministrorum
1661 4239 1963 4288 numero
1984 4221 2382 4305 indigebat,
2406 4220 2634 4306 Apos-
