3332 5100
1353 302 1435 392 '.--
1477 342 1594 403 347
1641 376 1715 389 --

407 502 566 549 cere
615 487 702 547 de
751 486 1060 562 pluribus
1090 485 1453 561 generibus
1503 485 1979 545 indifferenter
2030 487 2209 561 quod
2256 488 2487 547 libeat:
2522 503 2652 548 om-

407 570 706 644 ninoque
750 567 1002 627 debent
1052 582 1204 626 eum
1253 566 1324 625 in
1375 567 1656 626 colendo
1700 566 1973 626 numine
2024 582 2277 627 morem
2324 582 2653 644 usurpare

409 650 838 722 modumque,
874 663 1002 722 quo
1037 647 1168 706 coli
1197 664 1267 706 se
1299 647 1478 706 Deus
1507 647 1650 721 ipse
1684 648 2178 706 demonstravit.
2206 648 2653 709 velle.—San-

411 740 593 790 ctum
622 730 832 804 igitur
877 735 1139 803 oportet
1169 729 1348 802 apud
1390 728 1733 801 principes
1764 744 1911 787 esse
1941 728 2067 787 Dei
2108 745 2373 788 nomen:
2408 745 2655 803 ponen-

412 812 705 884 dumque
730 810 800 868 in
823 808 1207 884 praecipuis
1239 809 1506 867 illorum
1530 808 1774 867 officiis
1803 809 2201 883 religionem
2225 809 2451 885 gratia
2481 825 2654 869 com-

411 892 640 967 plecti,
668 890 1148 949 benevolentia
1171 890 1366 965 tueri,
1391 890 1798 948 auctoritate
1822 896 2123 964 nutuque
2147 891 2373 965 legum
2402 896 2656 967 tegere,

411 988 541 1032 nec
571 970 919 1045 quippiam
946 970 1301 1029 instituere
1331 977 1448 1029 aut
1477 970 1869 1043 decernere,
1906 970 2084 1044 quod
2115 970 2201 1029 sit
2230 969 2374 1029 eius
2404 970 2657 1029 incolu-

412 1052 635 1111 mitati
685 1051 1119 1110 contrarium.
1166 1049 1246 1108 Id
1297 1056 1364 1108 et
1415 1049 1680 1108 civibus
1709 1049 1980 1124 debent,
2016 1050 2259 1125 quibus
2308 1056 2651 1125 praesunt.

413 1132 571 1191 Nati
621 1132 800 1191 enim
851 1130 1282 1205 susceptique
1324 1146 1553 1189 omnes
1594 1131 1897 1190 homines
1940 1147 2167 1189 sumus
2210 1130 2297 1188 ad
2328 1147 2657 1190 summum

415 1212 755 1287 quoddam
785 1217 853 1269 et
878 1212 1186 1270 ultimum
1234 1211 1584 1283 bonorum,
1620 1226 1751 1284 quo
1784 1217 1940 1271 sunt
1970 1204 2192 1269 o’mnia
2240 1211 2523 1270 consilia
2554 1227 2655 1270 re-

413 1294 926 1364 ferenda,extra
949 1293 1125 1350 hanc
1157 1292 1601 1367 fragilitatem
1624 1292 2169 1365 brevitatemque
2198 1292 2382 1350 vitae
2410 1292 2481 1350 in
2506 1308 2655 1351 coe-

415 1373 500 1432 lis
535 1374 960 1431 collocatum.
998 1371 1329 1445 Quoniam
1357 1379 1585 1430 autem
1625 1372 1785 1431 hinc
1816 1373 2065 1446 pendet
2093 1373 2436 1431 hominum
2464 1373 2656 1432 undi-

419 1470 550 1529 que
583 1454 858 1527 expleta
907 1469 988 1511 ac
1019 1452 1324 1526 perfecta
1371 1452 1690 1525 felicitas,
1725 1452 1980 1511 idcirco
2032 1454 2301 1526 assequi
2332 1468 2505 1527 eum,
2540 1452 2657 1526 qui

420 1541 984 1593 commemoratus
1015 1540 1136 1607 est,
1170 1534 1370 1591 finem
1401 1533 1574 1591 tanti
1602 1532 1887 1590 interest
1937 1534 2376 1607 singulorum,
2410 1536 2484 1592 'ut
2514 1534 2655 1608 plu-

421 1614 516 1671 ris
547 1615 875 1672 interesse
907 1629 1042 1671 non
1072 1614 1300 1687 possit.
1338 1611 1618 1671 Civilem
1661 1613 1870 1687 igitur
1919 1614 2331 1685 societatem,
2371 1629 2659 1672 commu-

419 1694 492 1769 ni
521 1694 803 1752 utilitati
833 1702 1086 1765 natam,
1124 1693 1192 1751 in
1225 1694 1474 1751 tuenda
1504 1694 1951 1767 prosperitate
1980 1694 2400 1767 reipublicae
2430 1709 2656 1751 neces·

417 1792 488 1833 se
541 1782 643 1832 est
695 1774 792 1832 sic
845 1774 1198 1832 consulere
1247 1773 1534 1845 civibuS,
1569 1782 1642 1831 ut
1687 1774 2051 1832 obtinendo
2085 1774 2657 1848 adipiscendoque

419 1869 674 1914 summo
708 1855 808 1912 illi
839 1862 1042 1927 atque
1068 1853 1600 1912 incommutabili
1625 1854 1801 1911 bono
1835 1854 2013 1927 quod
2042 1861 2279 1927 sponte
2304 1861 2653 1928 appetunt,

417 1952 552 1993 non
603 1935 797 1992 modo
850 1934 1017 1992 nihil
1066 1935 1380 2008 importet
1429 1950 1726 2007 unquam
1770 1935 2195 2006 incommodi,
2248 1936 2369 1993 sed
2427 1950 2657 1993 omnes

417 2030 880 2089 quascumque
912 2014 1142 2087 possit,
1180 2016 1715 2089 opportunitates
1746 2015 2016 2073 afferat.
2071 2013 2369 2088 Quarum
2398 2015 2655 2089 praeci-

418 2112 551 2171 pua
590 2103 712 2168 est,
769 2102 842 2152 ut
873 2096 1070 2153 detur
1127 2110 1332 2168 opera
1371 2095 1687 2169 religioni
1739 2103 1971 2153 sancte
2004 2095 2467 2169 inviolateque
2523 2111 2656 2155 ser·

418 2176 711 2249 vandae,
749 2174 940 2233 cuius
978 2175 1202 2248 officia
1233 2176 1568 2234 hominem
1599 2174 1739 2233 Deo
1772 2176 2215 2250 coniungunt.

578 2254 757 2315 Vera
787 2263 1014 2313 autem
1038 2255 1277 2327 religio
1311 2265 1484 2329 quae
1518 2256 1624 2329 sit,
1650 2271 1785 2313 non
1815 2257 2183 2314 difficulter
2206 2257 2393 2315 videt
2418 2256 2533 2330 qui
2562 2256 2656 2315 iu-

420 2336 673 2395 dicium
704 2336 998 2410 prudens
1045 2336 1516 2410 sincerumque
1568 2336 1975 2395 adhibuerit:
2012 2337 2429 2411 argumentis
2481 2336 2660 2395 enim

418 2417 769 2491 permultis
801 2423 1004 2489 atque
1036 2416 1433 2488 illustribUS,
1470 2417 1758 2475 veritate
1809 2416 2123 2475 nimirum
2156 2416 2654 2490 vaticiniorum,

418 2497 880 2574 prodigiorum
909 2497 1313 2570 frecuentia,
1355 2497 1714 2555 celerrima
1742 2496 1900 2554 fidei
1930 2498 2040 2555 vel
2071 2513 2191 2571 per
2224 2497 2481 2557 medios
2510 2496 2658 2555 hos-

421 2591 524 2637 tes
555 2595 635 2637 ac
667 2579 964 2636 maxima
995 2579 1474 2652 impedimenta
1504 2577 2014 2651 propagatione,
2050 2586 2427 2652 martyrum
2474 2576 2659 2636 testi·

421 2659 668 2731 moni0,
721 2659 1005 2737 aliisque
1064 2659 1394 2716 similibus
1440 2658 1674 2730 liquet,
1734 2673 1883 2716 eam
1934 2673 2081 2716 esse
2143 2660 2342 2718 unice
2397 2674 2656 2732 veram,

419 2755 624 2813 quam
675 2737 862 2797 Iesus
916 2737 1216 2798 Christus
1249 2746 1325 2797 et.
1362 2739 1653 2798 instituit
1685 2738 1968 2811 ipsemet
2021 2746 2088 2796 et
2118 2739 2467 2798 Ecclesiae
2495 2755 2658 2798 suae

421 2820 742 2878 tuendam
773 2820 1416 2894 propagandamque
1448 2818 1907 2877 demandavit.

580 2899 751 2958 Nam
805 2899 1196 2974 unigenitus
1253 2899 1377 2958 Dei
1406 2900 1582 2958 filius
1635 2899 2029 2957 societatem
2066 2899 2134 2956 in
2165 2899 2365 2957 terris
2414 2898 2659 2958 consti-

421 2978 570 3052 tuit,
607 2995 782 3054 quae
835 2980 1139 3038 Ecclesia
1192 2979 1609 3053 diciturfcui
1652 2980 2000 3039 excelsum
2050 2979 2489 3053 divinumque
2520 2994 2656 3037 mu-

420 3075 548 3118 nus
578 3059 649 3119 in
678 3076 905 3119 omnes
939 3061 1360 3119 saeculorum
1394 3066 1652 3119 aetates
1688 3060 2217 3119 continuandum
2262 3059 2658 3133 transmisit,

422 3141 602 3213 quod
652 3137 804 3214 Ipse
841 3157 878 3198 a
909 3141 1108 3199 Patre
1159 3148 1540 3214 acceperat.
1597 3141 1779 3201 Sicut
1824 3142 2005 3198 misit
2048 3157 2147 3198 me
2196 3143 2410 3215 Pater,
2440 3145 2500 3198 et
2549 3156 2660 3216 eqo

416 3221 609 3278 *mitto
659 3238 771 3278 vos
823 3220 1193 3299 (l).--Ecce
1241 3239 1348 3298 eqo
1393 3223 1721 3280 vobiscum
1771 3239 1918 3280 sum
1949 3222 2245 3280 omnibus
2288 3221 2509 3280 diebus
2556 3238 2660 3279 us-

423 3318 542 3378 que
573 3303 660 3358 ad
689 3303 1312 3360 consummationem
1340 3304 1588 3360 saeculi
1620 3301 1735 3381 (2).
1769 3301 1987 3377 Igitur
2018 3302 2194 3360 sicut
2222 3301 2410 3359 Iesus
2442 3299 2659 3360 Chris-

423 3392 530 3440 tus
582 3382 649 3438 in
703 3389 916 3439 terras
948 3382 1135 3442 venit
1184 3389 1257 3440 ut
1305 3383 1606 3441 homines
1656 3384 1864 3440 vitam
1914 3385 2194 3442 habeant
2236 3387 2294 3441 et
2324 3383 2661 3441 abundan-

422 3463 558 3519 tius
603 3463 900 3537 habeant,
951 3461 1040 3542 (3)
1085 3464 1317 3520 eodem
1371 3465 1560 3522 modo
1611 3463 1920 3522 Ecclesia
1969 3463 2381 3537 propositum
2432 3462 2662 3520 habet·

422 3549 767 3625 tamquam
815 3544 1037 3615 finem,
1073 3544 1357 3600 salutem
1407 3544 1783 3601 animarum
1836 3544 2334 3617 sempiternam:
2372 3543 2455 3601 ob
2487 3558 2657 3613 eam,

425 3637 554 3695 que
609 3637 751 3680 rem
799 3625 954 3682 talis
1006 3634 1106 3680 est
1155 3630 1400 3682 natura
1447 3641 1590 3696 sua,
1643 3630 1717 3681 ut
1769 3624 2073 3696 porrigat
2126 3639 2273 3681 sese
2325 3623 2413 3680 ad
2460 3623 2662 3680 totius

424 3703 850 3776 complexum
883 3704 1104 3777 gentis
1136 3705 1489 3777 humanae,
1527 3703 1731 3762 nullis
1763 3719 1889 3760 nec
1921 3703 2220 3761 locorum
2252 3719 2377 3760 nec
2410 3708 2661 3776 tempo-

421 3798 574 3840 rum
601 3783 928 3842 limitibus
979 3785 1515 3858 circumscripta.
1571 3784 1957 3842 Praedicate
2004 3784 2443 3860 Evanqelium
2484 3783 2665 3842 omni

425 3867 760 3924 creaturae
793 3864 1163 3944 (4)·.—Tam
1195 3865 1458 3941 ingenti
1488 3864 1831 3924 hominum
1859 3863 2275 3924 multitudini
2306 3862 2487 3922 Deus
2516 3863 2662 3938 ipse

567 4064 645 4200 {l}
715 4061 1230 4202 ἰῖἓῖιῇἕέὲω,
1257 4137 1344 4191 20.

568 4208 644 4274 (3)
713 4206 869 4260 Ioan.
896 4205 972 4271 X,
993 4203 1081 4259 10.

567 4278 651 4350 (4)
725 4277 900 4333 Marc.
926 4276 1094 4348 XVI,
1122 4276 1207 4333 15.
