3332 5100
1705 365 2061 424 ...m-

764 514 838 578 et
865 510 1123 575 crebro
1158 507 1570 574 testimonio
1605 510 1827 574 animi
1861 508 2056 593 grati
2089 510 2241 573 tum
2305 526 2397 574 ex
2461 515 2675 594 parte
2732 507 3000 576 Princi-

764 612 960 699 pum,
1029 634 1206 699 quos
1261 615 1777 698 defendebant,
1837 619 1986 680 tum
2044 633 2137 680 ex
2191 620 2404 700 parte
2458 617 2733 701 populi,
2802 616 3004 699 cujus

764 724 1238 807 prosperitati
1271 724 1778 805 consulebant;
1818 724 1905 788 de
1952 725 2169 789 rebus
2207 725 2500 789 tandem
2558 726 2799 790 mixtis
2847 741 3003 806 per-

766 834 1200 911 tractarunt,
1233 830 1335 893 uti
1367 829 1456 894 de
1481 830 1942 912 ‚iuramentis,
1975 830 2063 894 de
2099 831 2352 913 poenis
2388 836 2461 895 et
2512 831 3005 896 sanctionibus

766 941 1023 1002 contra
1078 937 1386 1018 judaeos
1445 955 1844 1020 eorumque
1895 937 2249 1020 fautores,
2288 943 2459 1020 etc„
2526 938 2659 1002 sub
2708 943 3009 1020 aspectu

766 1042 1136 1124 religioso,
1174 1049 1531 1124 quatenus
1567 1042 1829 1124 nempe
1872 1059 2035 1108 cum
2068 1043 2425 1126 religione
2480 1041 3007 1107 connecteban-

766 1154 908 1231 tur,
953 1148 1045 1213 ad
1071 1147 1286 1212 finem
1321 1147 1775 1230 spiritualem
1803 1148 2168 1214 ducebant
2200 1150 2325 1215 vel
2371 1149 2719 1233 potestati
2782 1148 3010 1214 eccle·

767 1256 1110 1321 siasticae
1141 1273 1431 1338 quoquo
1466 1255 1679 1320 modo
1706 1257 2037 1338 subjecta
2074 1261 2307 1321 erant.

943 1361 1140 1426 Nihil
1186 1362 1428 1426 obstat
1464 1363 1843 1426 asistentia
1896 1363 2172 1446 Regum
2229 1368 2449 1446 atque
2502 1366 2655 1427 tam
2710 1363 3013 1428 istorum

770 1487 987 1552 quam
1045 1467 1490 1553 Optimatum
1549 1469 2012 1554 subscriptio,
2074 1471 2417 1554 quoniam
2472 1471 2657 1536 haec
2721 1470 3014 1553 aliaque

770 1577 1036 1641 similia
1072 1581 1504 1658 argumenta
1537 1595 1726 1659 quae
1791 1578 2063 1661 passim
2125 1578 2343 1660 objici
2401 1578 2663 1659 solent,
2732 1577 3015 1642 tantum

771 1682 1161 1748 ostendunt
1185 1682 1595 1747 mirabilem
1627 1686 1702 1746 et
1758 1687 2085 1765 optatam
2144 1683 2611 1748 concordiam
2656 1685 2848 1748 inter
2905 1700 3012 1748 sa-

772 1790 1174 1855 cerdotium
1205 1795 1277 1854 et
1309 1790 1716 1874 imperium,
1757 1791 2161 1872 pleniorem
2195 1808 2555 1858 canonum
2609 1791 3011 1871 sanctione,

773 1903 846 1963 et
909 1897 1265 1979 maJorem
1325 1897 1883 1980 magistratuum
1940 1899 2429 1964 saecularium
2462 1898 3016 1963 instructionem

772 2023 906 2090 pro
939 2004 1291 2069 habendis
1318 2004 1611 2086 judiciis
1668 2010 1741 2068 et
1802 2006 2182 2089 republica
2245 2005 2596 2088 gerenda,
2651 2010 2871 2089 prout
2926 2003 3013 2068 ab

772 2113 930 2196 ipso
961 2128 1136 2193 rege
1170 2111 1541 2176 decretum
1568 2119 1731 2176 erat
1752 2113 1828 2177 in
1862 2111 2186 2178 Concilio
2222 2112 2579 2178 Toletano
2615 2112 2722 2177 III
2770 2111 2870 2176 ad
2917 2111 3013 2194 ig·

773 2221 1186 2284 norantiam
1220 2218 1829 2285 Administrorum
1856 2227 1929 2285 et
1952 2220 1995 2285 J
2004 2221 2289 2285 udicum
2316 2221 2749 2305 populorum
2774 2217 3016 2302 depel-

773 2325 1090 2390 lenda-m.

952 2433 1164 2498 Patet
1197 2434 1417 2516 igitur
1469 2432 1735 2500 Coetus
1772 2433 2165 2499 Toletanos
2207 2435 2423 2500 toties
2470 2432 2805 2498 laudatos
2843 2430 3016 2499 vere

775 2540 1271 2608 ecclesiasticos
1305 2541 1529 2607 fuisse
1579 2546 1651 2606 et
1684 2541 1966 2625 proprii
1993 2542 2303 2608 nominis
2353 2539 2704 2624 Concilia,
2741 2557 3018 2606 eorum·

777 2665 917 2731 que
951 2650 1365 2714 sanctiones
1396 2650 1472 2714 in
1507 2650 1618 2714 his
1665 2667 1854 2733 quae
1904 2650 1998 2714 ad
2051 2651 2475 2733 religionem
2512 2651 2855 2732 spectant
2882 2648 3016 2713 No·

776 2778 1182 2823 ‘mocanones
1207 2759 1492 2823 censeri
1527 2758 1820 2840 debere,
1859 2758 2122 2822 saltem
2150 2759 2623 2841 temporibuS,
2660 2757 2735 2821 in
2760 2757 3018 2843 quibus

779 2863 1050 2928 conditi
1083 2871 1272 2928 sunt.

956 2972 1110 3037 179.
1208 2972 1426 3059 Inter·
1465 2973 1705 3037 fontes
1760 2971 1957 3037 Juris
2014 2971 2397 3055 Hispanici
2453 2971 2747 3037 tertium
2780 2970 3019 3036 locum

780 3076 1239 3144 Concordata
1293 3081 1650 3144 obtinent:
1720 3080 2123 3162 praecipua
2189 3098 2393 3162 vero,
2461 3096 2651 3161 quae
2712 3078 3020 3161 speciali

778 3188 1203 3251 recensione
1237 3192 1309 3251 et
1361 3187 1691 3269 diligenti
1725 3186 1959 3251 studio
1996 3187 2215 3269 digna
2273 3186 2807 3268 existimantur,
2857 3188 3019 3249 sunt

783 3290 1187 3357 Concordia
1237 3293 1433 3357 dicta
1475 3292 1908 3357 Fachenetti
1944 3298 2018 3358 et
2065 3291 2525 3358 Concordata
2560 3293 2772 3357 annis
2829 3289 3016 3373 1737,

783 3398 956 3463 1753
991 3406 1064 3465 et
1097 3399 1265 3464 1851
1299 3400 1506 3481 inita3
1543 3405 2038 3466 memorantur
2091 3399 2424 3483 equidem
2482 3401 2676 3465 aliae
2708 3416 3016 3466 conven-

782 3507 1018 3573 tiones
1051 3508 1456 3573 anteriores
1490 3513 1562 3572 et
1593 3510 2038 3592 posteriores
2091 3508 2467 3593 praefatis,
2504 3508 2633 3574 sed
2664 3509 2871 3574 nulla
2902 3525 3016 3574 no-

781 3617 976 3681 mine
1001 3616 1426 3682 concordati
1456 3618 1819 3682 usuvenit.
2138 3602 2153 3613 ’

959 3724 1070 3789 De
1109 3724 1520 3806 hujusmodi
1577 3725 2035 3807 pactionibus
2084 3725 2179 3790 ad
2234 3728 2561 3791 nostram
2617 3725 3016 3791 Ecclesiam

784 3835 1284 3918 spectantibus
1347 3835 1773 3918 singillatim
1825 3836 2087 3902 dicturi
2119 3854 2602 3921 praemonere
2650 3836 3013 3916 debemus,

785 3942 977 4025 quod
1025 3943 1102 4006 in
1159 3961 1593 4027 unaquaque
1650 3962 1902 4009 earum
1965 3949 2277 4028 quatuor
2338 3944 2587 4028 capita
2640 3958 3017 4011 secernere

787 4057 1148 4135 oporteat,
1185 4057 1265 4116 ut
1299 4053 1435 4118 rite
1477 4059 1548 4118 et
1582 4053 1896 4118 dilucide
1930 4057 2418 4136 exponantur,
2458 4055 2765 4138 scilicet,
2819 4050 3014 4139 0νίρί-

785 4180 956 4242 nem,
1022 4161 1536 4246 neqotiationes,
1605 4164 1937 4249 obJ‘ectum
1994 4168 2212 4246 atque
2277 4164 2834 4250 ratificationem
2890 4176 3017 4245 per

786 4270 1120 4356 originem
1184 4270 1475 4335 minime
1507 4271 1981 4355 intelligimus
2036 4272 2351 4339 criticam
2385 4270 3017 4356 investigationem
