3332 5100
1289 302 1609 385 -85L

319 490 458 558 pro
492 468 750 537 divinis
781 467 1093 536 habenda
1127 478 1303 553 sunt,
1339 471 1478 535 nisi
1512 491 1599 536 ex
1651 471 1896 552 verbis,
1947 474 2069 536 aut
2129 492 2215 536 ex
2272 466 2576 557 subjecta

330 579 625 644 materia
650 578 1031 644 luculenter
1062 584 1406 662 appareat
1438 578 1675 643 eadem
1711 579 1795 643 ab
1827 573 2184 663 Apostoli-5
2228 585 2578 663 tamquam

328 686 803 751 Ecclesiarum
836 686 1576 771 Rectoribusprofecta
1613 705 1774 750 esse.

508 793 619 856 Ex
649 792 789 857 hac
822 793 1149 874 generali
1183 792 1441 874 regula
1473 793 1749 856 eruitur
1783 790 1922 855 duo
1988 808 2147 856 esse
2198 790 2576 856 attenden-

332 896 447 980 da,
490 903 565 963 ut
590 899 1011 964 differentia
1042 899 1242 963 recte
1278 899 1688 963 definiatur:
1729 898 2039 981 primum
2095 898 2344 983 itaque
2412 914 2576 962 eon-

331 1005 723 1070 sideranda
758 1010 926 1070 sunt
962 1007 1167 1070 verba
1204 1006 1364 1087 ipsa
1391 1004 1888 1087 institutioniS,
1919 1004 2217 1069 videndi
2242 1023 2444 1088 ergo,
2485 1022 2579 1069 an

332 1111 603 1178 Christi
634 1114 925 1177 nomine
957 1113 1237 1196 loquuti
1271 1113 1439 1193 sint3
1478 1112 1585 1177 sie
1610 1110 1918 1177 Sanetus
1945 1110 2214 1176 Paulus
2240 1112 2316 1177 in
2342 1129 2580 1176 exem-

330 1221 452 1303 plo
483 1221 700 1284 toties
739 1221 962 1285 citato
1000 1220 1092 1284 ad
1120 1218 1529 1284 Corinthios
1556 1220 1882 1284 scribens
1911 1220 2036 1284 ait:
2065 1221 2171 1285 Iis
2192 1227 2417 1286 autem
2465 1220 2583 1304 qui

332 1329 777 1394 matrimonio
798 1330 1036 1414 juncti
1095 1337 1272 1411 sunt,
1293 1328 1664 1414 praecipio
1688 1350 1825 1394 non
1874 1349 2008 1414 eqo,
2049 1329 2169 1393 sed
2217 1329 2583 1410 Dominus,

332 1455 623 1499 umorem
654 1456 699 1499 a
734 1436 885 1501 viro
940 1457 1073 1501 non
1112 1436 1485 1517 discedere,
1524 1439 1665 1500 etc.
1708 1435 1828 1520 (1>;
1866 1447 1938 1499 et
1971 1437 2188 1518 paulo
2224 1437 2389 1518 post
2422 1434 2583 1500 sub-

328 1540 597 1622 jungit:
626 1541 813 1606 Nam
847 1542 1136 1606 caeteris
1170 1562 1285 1627 eqo
1314 1542 1486 1624 dico,
1521 1564 1658 1607 non
1686 1543 2052 1608 Dominus:
2070 1541 2150 1607 Si
2176 1543 2329 1626 quis
2353 1542 2585 1628 frater

334 1670 623 1715 umorem
648 1650 845 1730 habet
869 1649 1231 1735 infidelem,
1271 1656 1332 1715 et
1364 1649 1528 1714 haec
1563 1651 1895 1715 consentit
1926 1649 2239 1715 habitare
2265 1670 2415 1714 cum
2440 1648 2584 1730 illo,

336 1779 469 1823 non
508 1757 815 1821 dimittat
840 1756 1041 1821 illam
1075 1755 1193 1840 (2)·
1233 1755 1319 1820 In
1345 1757 1577 1838 primo
1612 1774 1788 1821 casu
1820 1756 2140 1840 loquitur
2172 1756 2262 1821 de
2306 1754 2585 1821 institu-

337 1863 536 1928 tione
572 1862 847 1944 divina,
885 1862 959 1926 in
999 1863 1232 1926 altero
1269 1862 1356 1927 de
1396 1863 1827 1945 apostolica.

520 1969 595 2036 Si
631 1970 810 2034 nihil
844 1972 1121 2034 certum
1161 1986 1254 2033 ex
1287 1970 1533 2034 verbis
1571 1970 1916 2053 cognosci
1949 1971 2206 2053 possit,
2243 1974 2393 2034 tum
2426 1969 2587 2034 sub-

332 2078 536 2159 jecta
574 2077 871 2142 materia
908 2077 1231 2159 spectari
1260 2075 1497 2158 debet,
1538 2081 1611 2155 et
1641 2077 1779 2142 hoc
1813 2078 2251 2162 principium
2285 2094 2586 2161 sequen-

340 2184 509 2249 dum
543 2189 678 2248 est:
715 2185 779 2249 si
813 2185 992 2268 quod
1019 2185 1327 2249 traditur
1360 2184 1678 2272 ad'fidem
1710 2187 1816 2251 vel
1842 2208 2063 2252 mores
2079 2188 2451 2273 pertineat,
2486 2185 2592 2251 vel

342 2292 681 2378 ejusmodi
712 2293 823 2374 sit,
858 2299 935 2357 ut
965 2291 1339 2357 humanam
1381 2301 1798 2376 potestatem
1831 2303 2126 2380 superet,
2179 2294 2434 2377 (veluti
2467 2291 2590 2358 Sa·

342 2403 880 2463 eramentorum
914 2398 1299 2479 institutio)
1328 2400 1641 2464 divinum
1680 2403 1950 2485 quidem
1997 2403 2158 2485 erit,·
2191 2405 2254 2467 si
2307 2421 2465 2466 vero
2499 2399 2592 2464 ad

344 2508 792 2593 disciplinam
824 2513 1097 2592 spectet,
1133 2529 1268 2573 non
1304 2513 1548 2572 temere
1582 2510 2036 2594 apostolicum
2068 2511 2460 2575 institutum
2491 2508 2591 2572 di·

344 2617 633 2680 cendum
658 2622 775 2680 est.
804 2613 920 2679 Sic
948 2631 1108 2678 cum
1142 2614 1212 2679 S.
1251 2615 1293 2680 J
1299 2616 1569 2680 acobus
1600 2616 1688 2680 de
1723 2616 2072 2681 Extrema
2096 2617 2456 2682 Unctione
2490 2615 2590 2679 lo-

346 2728 639 2805 quatur,
676 2722 764 2787 de
798 2720 1048 2785 divina
1109 2722 1566 2787 institutione
1628 2725 1806 2807 agit,
1875 2724 2229 2808 siquidem
2271 2723 2597 2788 homines

346 2835 813 2895 sacramenta
842 2830 1221 2895 instituere
1257 2837 1649 2913 nequeunt.

527 2940 636 3004 77.
733 2938 1108 3004 Secundus
1145 2938 1187 3003 J
1196 2939 1343 3003 uris
1370 2939 1880 3004 Ecclesiastici
1911 2939 2102 3020 fonS,
2141 2935 2599 3001 authenticus

350 3051 421 3113 et
454 3047 755 3112 maximi
796 3047 1087 3130 quidem
1130 3046 1499 3130 momenti,
1539 3047 1914 3111 TRAm'rIo
1981 3049 2344 3127 censetur,
2413 3060 2601 3127 quae

348 3155 795 3238 generaliter
831 3158 1123 3236 sumpta
1149 3154 1329 3217 nihil
1360 3154 1559 3219 aliud
1590 3158 1704 3217 est
1737 3173 1950 3238 quam
1976 3154 2314 3239 quaelibet
2349 3151 2598 3217 doctri·

350 3236 441 3329 ria
473 3285 601 3329 seu
627 3264 993 3344 institutio,
1028 3284 1162 3328 non
1198 3265 1483 3347 scripta,
1516 3264 1640 3327 sed
1666 3265 1891 3328 verbis
1925 3264 2220 3347 tradita,·
2249 3280 2337 3327 ac
2361 3261 2600 3345 proin·

352 3371 439 3436 de
473 3373 552 3436 in
581 3388 662 3436 re
695 3370 1050 3435 canonica
1092 3371 1527 3436 Traditionis
1564 3372 1855 3436 nomine
1933 3372 2386 3455 intelligitur:
2447 3369 2598 3435 doc-

353 3480 543 3544 trina
574 3499 695 3543 seu
730 3478 1096 3559 institutiO,
1135 3497 1304 3561 quae
1355 3499 1396 3541 a
1419 3479 1682 3562 primis
1725 3480 2118 3544 auctoribus
2179 3479 2400 3559 verbo,
2464 3495 2599 3540 non

356 3587 637 3671 scripto,
672 3586 747 3650 in
778 3584 1166 3649 Ecclesiam
1190 3585 1477 3650 inducta
1513 3592 1634 3651 est.

534 3691 990 3757 Traditiones
1016 3693 1301 3756 ratione
1336 3693 1578 3779 objecti
1615 3693 2036 3759 dividuntur
2060 3692 2136 3756 in
2153 3692 2598 3776 doymaticas,

356 3802 652 3867 morales
687 3805 759 3865 et
801 3802 1317 3886 disciplinares,
1353 3801 1594 3884 prouti
1631 3800 1964 3865 doctrina
2025 3799 2147 3864 vel
2209 3796 2596 3879 instituti0,

360 3908 559 3973 circa
593 3927 808 3992 quam
843 3914 1185 3973 versatur
1221 3908 1547 3991 traditiO,
1586 3908 1680 3971 ad
1714 3907 1954 3988 fidem,
1992 3906 2116 3971 vel
2179 3906 2273 3970 ad
2336 3920 2599 3987 morea,

500 4158 575 4224 (1)
649 4156 828 4225 Epist.
856 4157 906 4225 Ι,
930 4172 1049 4224 cap.
1074 4157 1205 4226 VII,
1230 4172 1278 4211 v.
1309 4159 1374 4211 10

502 4250 575 4316 (2)
643 4245 782 4303 Eod.
809 4247 905 4303 loc.
930 4264 983 4303 v.
1005 4248 1089 4303 12.
