3332 5100
1684 344 2000 405 ...4⁸-

732 488 1191 566 auctoritatis
1225 487 1347 555 SS.
1378 485 1655 555 Gelasii
1683 491 1902 573 atque
1959 486 2297 572 Gregorii
2356 487 2602 573 Magni
2638 493 2964 560 memini·

726 616 907 664 mus:
937 601 1266 680 tempore
1292 595 1365 662 S.
1396 594 1676 663 Gelasii
1704 596 1889 679 (492)
1924 597 2197 662 liberus
2257 600 2416 663 erat
2477 598 2672 682 apud
2705 600 2964 668 fideles

726 723 893 770 usus
931 705 1180 771 calicis
1208 704 1281 769 in
1310 703 1864 769 sacratissimae
1898 703 2403 769 Eucharistiae
2466 708 2959 793 susceptione,

726 812 852 877 sed
878 812 969 876 ad
997 812 1440 895 detegendos
1463 809 1954 892 Manichaeos,
1974 810 2095 893 qui
2121 811 2166 875 a
2194 809 2364 876 vino
2398 811 2865 880 abstinebant
2893 818 2968 879 et

728 938 936 985 sacro
964 920 1179 986 calici
1206 920 1403 984 labia
1441 919 1837 983 admovere
1871 919 2301 1000 renuebant,
2333 936 2494 985 cum
2520 921 2824 987 latebris
2851 940 2964 987 se·

728 1046 804 1093 se
833 1027 1291 1093 occultarent
1325 1044 1439 1107 ac,-
1467 1027 1653 1091 sicut
1681 1025 2039 1109 quaedam
2084 1027 2530 1092 recentiores
2564 1034 2814 1094 sectae
2840 1047 2964 1094 an·

732 1141 843 1199 tra
872 1139 1333 1218 quaererent,
1356 1134 1573 1216 jussit
1599 1134 1978 1217 praefatus
2005 1132 2345 1200 Pontifex
2363 1136 2694 1201 omnibus
2725 1135 2965 1202 Chris-

730 1242 784 1305 ti
816 1241 1147 1307 fidelibus
1184 1240 1758 1306 communionem
1791 1240 1923 1305 sub
1963 1244 2269 1324 utraque
2341 1243 2613 1325 specie,
2670 1244 2962 1325 praxim

736 1349 1066 1432 equidem
1094 1348 1533 1432 liturgicum,
1563 1364 1751 1431 quae
1777 1353 1942 1431 post
1969 1347 2218 1413 varias
2250 1348 2324 1413 in
2370 1367 2808 1435 unaquaque
2831 1350 2965 1416 Ec·

732 1455 959 1521 clesia
1012 1454 1576 1537 vicissitudineS‚
1634 1455 1930 1519 saeculo
1980 1454 2154 1520 XIV
2214 1455 2494 1522 aboleri
2551 1457 2818 1540 coepit,
2879 1474 2968 1523 ac

732 1563 1016 1629 demum
1048 1563 1343 1628 saeculo
1367 1561 1539 1627 XVI
1572 1579 1871 1644 prorsus
1899 1563 2256 1645 abrogata
2288 1563 2430 1627 fuit
2462 1564 2557 1629 ad
2605 1564 2969 1630 haeresim

738 1669 1245 1737 Galioetinoram
1277 1671 1349 1733 e't
1373 1669 1954 1733 Reformatorum
2012 1669 2548 1752 extirpandam‚
2609 1672 2733 1755 qui
2764 1689 2970 1737 usum

732 1778 984 1843 calicis
1010 1776 1221 1843 laicis
1272 1775 1766 1842 necessarium
1813 1792 1976 1841 esse
2046 1777 2478 1842 asserebant
2523 1776 2971 1861 adimplendi

734 1903 905 1967 ergo
965 1888 1443 1968 praeceptum·
1495 1881 1847 1966 divinum,
1902 1882 2025 1949 vel
2090 1886 2320 1948 totum
2375 1881 2736 1949 Christum
2793 1885 2973 1951 reci-

734 1990 1003 2073 piendi.

910 2096 1053 2162 Sub
1085 2097 1352 2162 Sancto
1388 2096 1750 2181 Leandr0,
1788 2096 2150 2181 Episcopo
2190 2096 2634 2181 Hispalensi,
2669 2098 2977 2181 vigebat

734 2203 913 2267 ritus
941 2204 1179 2268 trinae
1203 2203 1687 2268 immersionis
1713 2204 1787 2268 in
1825 2203 2216 2268 collatione
2247 2203 2777 2289 baptismi,-sed
2811 2223 2977 2271 cum

736 2310 988 2375 Ariani
1019 2329 1111 2376 ex
1138 2312 1277 2375 hac
1308 2311 1526 2394 praxi
1570 2310 1913 2393 liturgica
1971 2310 2511 2376 distinctionem
2558 2315 2872 2377 naturae
2900 2310 2977 2376 in

734 2417 1020 2482 Divinis
1048 2418 1386 2483 Personis
1421 2418 1877 2500 colligerent,
1916 2434 2085 2482 usus
2134 2417 2449 2483 invaluit
2486 2418 2680 2502 apud
2714 2417 2975 2502 Hispa-

736 2525 931 2591 niam
956 2543 1100 2591 una
1133 2526 1595 2592 immersione
1628 2525 1997 2609 baptisma
2029 2524 2481 2591 conferendi.
2518 2524 2660 2591 Rei
2691 2525 2975 2591 novita-

738 2640 808 2700 te
834 2635 1077 2718 dubia,
1115 2635 1413 2702 dissidia
1447 2641 1519 2701 et
1545 2635 2048 2700 contentiones
2073 2640 2278 2699 ortae
2304 2638 2494 2717 sunt,
2540 2639 2611 2699 et
2665 2633 2979 2699 Sanctus

736 2742 1069 2808 Leander
1095 2744 1188 2808 ad
1214 2743 1713 2827 quaestionem
1742 2740 2220 2806 dirimendam
2244 2740 2512 2806 Divum
2542 2737 2980 2823 Gregorium

736 2852 1077 2935 Magnum
1111 2851 1631 2917 consulendum
1685 2850 1956 2915 rectius
2005 2848 2395 2933 Judicavit,
2467 2849 2590 2932 qui
2647 2849 2979 2932 praecla-

738 2979 817 3024 ro
845 2959 1146 3024 Doctori
1171 2958 1611 3041 Hispalensi,
1673 2958 1830 3043 ejus
1882 2957 2344 3040 amicissimO,
2410 2957 2513 3021 ita
2570 2957 2974 3041 rescripsit:

742 3066 1295 3151 Reprehensibile
1321 3086 1462 3130 esse
1480 3065 1879 3130 nallatenus
1894 3072 2126 3149 potest
2147 3065 2486 3152 infantem
2505 3065 2578 3130 in
2606 3066 2979 3140 baptisma-

744 3182 802 3238 te
836 3174 940 3238 vel
966 3180 1092 3254 ter,
1129 3172 1236 3238 vel
1270 3172 1476 3237 semel
1508 3193 1830 3258 memore,
1867 3172 2141 3256 qua-ndo
2174 3180 2238 3237 et
2267 3174 2342 3237 in
2377 3173 2598 3237 tribus
2622 3171 2980 3238 mersioni-

740 3282 861 3344 bus
892 3280 1364 3345 Personarum
1402 3279 1739 3361 Trinitas,
1773 3286 1837 3345 et
1866 3280 1941 3344 in
1972 3301 2113 3345 una
2134 3286 2362 3364 potest
2419 3281 2815 3346 divinitatis
2839 3280 2978 3345 sin·

738 3387 1084 3474 qulam-itas
1110 3387 1491 3472 desiynari.
1522 3385 1671 3451 SED
1708 3400 1890 3462 QUIA
1920 3407 2100 3452 nunc
2155 3387 2500 3471 hucusque
2553 3388 2638 3452 ab
2684 3386 2980 3453 haereti-

742 3495 839 3560 cis
870 3494 1109 3581 infans
1144 3495 1219 3559 in
1254 3495 1662 3579 baptismate
1694 3494 1894 3559 tertio
1920 3494 2371 3579 meryebatur,
2398 3507 2746 3558 FIENDUM
2777 3486 2981 3560 APUD

744 3615 883 3668 VOS
917 3615 1097 3667 ESSE
1130 3615 1287 3666 NON
1321 3614 1634 3683 GENSEO,
1675 3622 1756 3666 ne
1790 3601 1955 3665 dam
1978 3601 2352 3666 mersiones
2381 3598 2768 3684 numerant,
2805 3602 2980 3666 divi-

740 3712 1027 3776 nitatem
1087 3710 1435 3789 dividant,
1472 3709 1765 3794 dumque
1799 3709 1980 3792 qaod
2006 3709 2361 3796 faciebant
2386 3709 2682 3796 faciunt,
2739 3731 2812 3775 se
2843 3730 2980 3776 mo-

742 3838 886 3883 rem
912 3823 1221 3882 nostram
1254 3817 1498 3882 vicisse
1530 3816 1913 3902 ylorientar
1941 3816 2062 3897 (1.).

923 3922 1178 4003 Quoad
1240 3924 1578 4006 alterum,
1648 3923 2019 4003 videlicet,
2077 3921 2495 3986 firmitatem
2551 3920 2984 4004 disciplinae

744 4030 1099 4096 relatione
1169 4033 1449 4096 tantum
1505 4029 1944 4095 accidentali
1999 4029 2339 4113 dogmate
2396 4045 2756 4111 connexa,
2793 4044 2983 4112 quae

883 4265 961 4335 (1)
1034 4260 1159 4317 Lib.
1184 4263 1230 4316 Ι.
1255 4279 1336 4333 ep.
1362 4263 1449 4316 43.
