3332 5100
1704 342 1941 409 4-352
1985 381 2061 395 -

769 504 955 567 „eam
978 492 1285 551 confiteri
1306 507 1647 567 magnam,
1683 491 1739 550 si
1793 492 2316 566 obtemperetur,
2365 490 2651 551 salutem
2683 506 2828 550 esse
2875 489 3012 551 rei·

769 574 1131 648 „publicae
1146 618 1173 645 ,‚
1201 572 1319 651 (1),

922 652 1079 714 Fuit
1105 653 1470 728 aliquando
1500 658 1786 727 tempus,
1822 668 1974 713 oum
2003 652 2407 727 evangelica
2437 651 2856 725 philosophia
2888 666 3012 725 gu·

763 734 1083 792 bernaret
1134 735 1469 793 civitatesz
1504 748 1635 807 quo
1681 742 1984 807 tempore
2033 732 2446 791 christianae
2494 732 2866 807 sapientiae
2903 731 3015 789 vis

763 814 881 873 illa
910 822 977 873 et
1006 814 1239 873 divina
1268 814 1485 873 virtus
1528 814 1600 872 in
1628 813 1838 887 leges,
1872 814 2203 886 instituta,
2233 828 2454 871 mores
2481 814 2904 887 populorum,
2939 812 3015 871 in

764 910 994 954 omnes
1036 894 1455 968 reipublicae
1498 894 1772 953 ordines
1817 894 2254 967 rationesque
2305 900 2806 967 penetraverat:
2853 906 3016 951 eum

758 976 1007 1051 religio
1034 990 1157 1049 per
1184 974 1405 1033 Iesum
1438 972 1774 1034 Christum
1797 974 2106 1033 instituta
2126 974 2198 1033 in
2222 989 2324 1045 eo,
2351 988 2482 1047 quo
2513 988 2805 1046 aequum
2833 979 3010 1045 erat,

764 1055 1117 1131 dignitatis
1159 1056 1380 1129 gradu
1426 1055 1708 1113 firmiter
1753 1056 2106 1129 collocata,
2143 1054 2367 1128 gratia
2415 1054 2800 1128 principum
2843 1052 3016 1127 legi-

762 1136 1061 1210 timaque
1090 1136 1607 1209 magistratuum
1638 1135 1850 1195 tutela
1879 1134 2130 1209 ubique
2159 1134 2452 1193 floreret:
2486 1150 2642 1193 cum
2697 1134 3014 1193 sacerdo-

762 1217 930 1276 tium
973 1223 1176 1290 atque
1224 1216 1581 1290 imperium
1630 1216 1996 1274 concordia
2038 1223 2105 1273 et
2132 1213 2354 1274 amica
2403 1214 2778 1274 officiorum
2807 1213 3012 1273 vicis-

764 1298 983 1356 situdo
1006 1296 1356 1370 auspicato
1386 1295 1852 1369 coniungeret.
1887 1296 2116 1369 quue
2147 1295 2342 1354 modo
2365 1298 2738 1369 composita
2763 1295 3015 1353 civitas

762 1378 1025 1436 fruetus
1055 1376 1416 1457 tulit-omni
1444 1376 1757 1450 opinione
1801 1378 2113 1449 maiores,
2148 1390 2432 1449 quorum
2461 1376 2654 1449 viget
2683 1375 3018 1433 memoria

763 1464 830 1517 et
858 1457 1121 1532 vigebit
1150 1457 1757 1516 innumerabilibus
1805 1472 2034 1516 rerum
2063 1463 2412 1530 gestarum
2445 1456 2848 1528 consignata
2877 1470 3022 1515 mo·

763 1538 1121 1609 numentiS,
1156 1554 1330 1611 quae
1365 1537 1551 1596 nulla
1580 1538 2128 1595 adversariorum
2165 1545 2312 1595 arte
2343 1536 2684 1610 eorrumpi
2714 1540 2831 1594 aut
2863 1535 3021 1594 obs·

764 1618 991 1678 curari
1040 1616 1622 1693 possunt.-Quod
1652 1617 1922 1691 Europa
1965 1618 2338 1675 christiana
2383 1617 2719 1675 barbaras
2769 1622 3019 1690 gentes

762 1700 1337 1775 edomuit,easque
1357 1714 1401 1756 a
1422 1698 1696 1756 feritate
1721 1698 1808 1755 ad
1819 1697 2429 1769 mansuetudinem,
2458 1714 2498 1754 a
2527 1696 3018 1770 superstitione

762 1779 851 1837 ad
899 1780 1257 1837 veritatem
1304 1779 1631 1837 traduxit:
1689 1779 1870 1851 quod
1931 1778 2552 1837 Maomethanorum
2601 1777 3031 1835 incursiones

760 1860 1019 1918 victrix
1046 1858 1489 1934 propulsavit3
1524 1860 1705 1931 quod
1731 1858 1953 1917 civilis
1982 1860 2204 1917 cultus
2228 1858 2682 1933 principatum
2708 1856 3021 1929 retinuit,

763 1947 831 1999 et
861 1941 947 1998 ad
978 1956 1171 1999 omne
1202 1939 1410 1998 decus
1438 1940 1876 1997 humanitatis
1906 1940 2147 1999 ducem
2171 1954 2242 1997 se
2269 1938 2797 2013 magistramque
2821 1952 3020 2011 prae-

760 2022 926 2079 bere
956 2020 1202 2079 ceteris
1232 2020 1607 2078 consuevit:
1642 2020 1822 2093 quod
1874 2035 2268 2094 germanam
2310 2019 2696 2077 libertatem
2725 2032 3022 2090 eamque

763 2101 1205 2174 multiplicem
1235 2100 1623 2175 gratificata
1653 2100 1918 2173 populis
1949 2107 2072 2157 est:
2102 2100 2282 2172 quod
2311 2099 2656 2173 complura
2699 2098 2786 2155 ad
2818 2098 3022 2156 mise·

762 2180 1017 2240 riarum
1069 2182 1379 2239 solatium
1431 2181 1926 2253 sapientissime
1977 2180 2290 2252 instituit,
2347 2180 2494 2239 sine
2544 2177 3021 2237 controversia

764 2277 1081 2336 magnam
1111 2261 1313 2319 debet
1342 2262 1634 2335 gratiam
1661 2261 2000 2335 religioni,
2038 2276 2240 2333 quam
2283 2260 2370 2317 ad
2401 2266 2626 2318 tantas
2659 2274 2768 2316 res
2798 2258 3020 2317 susci-

764 2342 1047 2416 piendas
1068 2342 1305 2400 habuit
1328 2341 1694 2413 auspicem,
1725 2342 1811 2399 ad
1836 2341 2285 2414 perficiendas
2312 2339 3018 2397 adiutricem.—Man·

764 2424 1009 2481 sissent
1030 2422 1330 2496 profecto
1347 2422 1585 2480 eadem
1602 2422 1802 2493 bona,
1825 2421 1880 2479 si
1899 2422 2251 2495 utriusque
2272 2420 2625 2495 potestatis
2641 2420 3018 2477 concordia

762 2504 1140 2564 mansisset:
1172 2502 1561 2576 maioraque
1606 2502 1995 2577 exspectari
2021 2502 2166 2560 iure
2199 2507 2530 2577 poterant,
2557 2500 2618 2560 si
2647 2500 3022 2560 auctorit-a-
3055 2540 3060 2545 -

763 2584 837 2653 ti,
870 2585 923 2645 si
960 2584 1371 2659 magisterio,
1409 2584 1466 2641 si
1496 2584 1796 2642 consiliis
1827 2583 2174 2642 Ecclesiae
2200 2583 2452 2640 maiore
2495 2588 2675 2640 esset
2698 2597 2852 2639 cum
2877 2581 3020 2638 fide

762 2659 1409 2738 perseverantiaque
1440 2665 1998 2738 obtemperatum.
2027 2662 2203 2723 Illud
2234 2663 2411 2721 enim
2441 2668 2809 2736 perpetuae
2835 2661 3019 2735 legis

762 2745 979 2805 instar
1008 2745 1395 2803 habendum
1420 2751 1542 2817 est,
1590 2745 1769 2817 quod
1801 2742 1919 2803 Ivo
1953 2742 2383 2803 carnotensis
2413 2743 2501 2800 ad
2523 2742 2921 2801 Paschalem
2947 2741 3023 2800 ΙΙ

762 2825 1157 2884 Pontificem
1186 2825 1556 2884 maximum
1588 2825 2008 2899 perscripsit,
2047 2831 2236 2882 “cum
2285 2839 2574 2896 regnum
2603 2828 2669 2881 et
2698 2823 3020 2882 sacerdo·

770 2906 970 2978 „tium
1013 2905 1188 2963 inter
1240 2921 1311 2964 se
1361 2905 1796 2978 conveniunt,
1830 2905 2004 2963 bene
2055 2905 2318 2979 regitur
2361 2903 2672 2975 mundus,
2697 2902 2899 2960 floret
2947 2909 3022 2960 et

770 2986 1172 3057 „fructificat
1201 2985 1528 3044 Ecclesia.
1564 2983 1730 3044 Cum
1758 3001 1921 3044 vero
1952 2986 2129 3044 inter
2153 3001 2224 3042 se
2254 2985 2666 3056 discordant,
2701 2999 2836 3042 non
2867 2989 3020 3040 tan-

769 3075 943 3139 „tum
970 3082 1225 3140 parvae
1248 3081 1356 3125 res
1386 3082 1520 3124 non
1548 3072 1887 3139 crescunt,
1917 3067 2036 3124 sed
2065 3065 2269 3124 etiam
2289 3080 2578 3138 magnae
2601 3079 2710 3122 res
2736 3063 3022 3123 misera·

770 3147 1033 3220 „biliter
1064 3146 1516 3219 dilabuntur.„
1555 3145 1645 3224 (2)

926 3227 1058 3287 Sed
1083 3226 1461 3300 perniciosa
1486 3227 1603 3284 illa
1621 3243 1704 3284 ae
1725 3227 2140 3302 deploranda
2161 3240 2388 3283 rerum
2409 3239 2738 3283 novarum
2761 3223 3020 3297 studia,

766 3324 940 3382 quae
993 3307 1263 3366 saeculo
1306 3306 1466 3365 XVI
1508 3308 1811 3364 excitata
1860 3312 2035 3377 sunt,
2071 3322 2224 3364 cum
2273 3304 2560 3378 primum
2610 3303 3026 3378 religionem

766 3388 1203 3447 christianam
1255 3387 1705 3459 miscuissent,
1739 3402 1899 3445 mox
1943 3386 2240 3444 naturali
2294 3385 2584 3459 quodam
2633 3384 2882 3442 itinere
2925 3385 3028 3442 ad

764 3468 1275 3543 philosophiam,
1312 3483 1351 3525 a
1380 3467 1801 3542 philosophia
1853 3467 1941 3525 ad
1974 3481 2203 3525 omnes
2255 3464 2479 3524 civilis
2511 3464 3025 3523 communitatis

765 3548 1035 3607 ordines
1066 3555 1540 3622 pervenerunt.
1573 3547 1678 3606 Ex
1725 3549 1850 3607 hoc
1879 3549 2066 3606 velut
2095 3546 2282 3605 fonte
2329 3546 2700 3619 repetenda
2731 3545 2850 3603 illa
2914 3560 3024 3603 re-

764 3629 1069 3687 centiora
1118 3628 1498 3688 effrenatae
1545 3629 1879 3687 libertatis
1923 3628 2170 3702 capita,
2205 3626 2521 3685 nimirum
2569 3626 2638 3684 in
2692 3627 3026 3685 maximis

763 3709 1388 3785 perturbationibus
1418 3710 1768 3784 superiore
1820 3708 2089 3767 saeculo
2139 3706 2530 3782 excogitata
2558 3705 2629 3764 in
2658 3707 3028 3781 medioque

765 3789 1129 3864 proposita,
1166 3789 1446 3863 perinde
1495 3806 1577 3847 ac
1626 3789 1962 3864 principia
2005 3795 2072 3848 et
2114 3787 2555 3847 fundamenta
2603 3788 2796 3846 novis
2824 3789 3027 3865 iuris,

766 3871 945 3945 quod
977 3876 1043 3928 et
1072 3869 1202 3928 fuit
1249 3876 1451 3928 antea
1482 3870 1810 3944 ignotum,
1845 3875 1912 3927 et
1942 3885 1981 3926 a
2011 3867 2157 3927 iure
2205 3883 2341 3926 non
2371 3867 2585 3926 solum
2615 3867 3019 3942 christiano,

766 3951 885 4010 sed
906 3951 1112 4010 etiam
1134 3950 1429 4008 naturali
1454 3951 1603 4024 plus
1626 3966 1760 4009 una
1786 3965 1873 4008 ex
1896 3956 2088 4024 parte
2113 3947 2814 4022 discrepat.-Eorum
2836 3949 3022 4024 prin-

912 4198 990 4265 (1)
1061 4198 1244 4266 Epist.
1284 4197 1648 4252 CXXXVIII
1671 4199 1764 4265 (al.
1792 4199 1860 4268 ὁ.)
1890 4199 1964 4252 ad
1988 4198 2403 4266 Marcellinum,
2431 4211 2552 4266 cap.
2578 4199 2736 4270 H,n.
2780 4202 2863 4254 15.

906 4272 981 4336 (2)
1054 4271 1161 4338 Ep.
1182 4269 1614 4324 CCXXXVIII.
