3332 5100
1198 340 1550 398 -283—

262 488 486 550 artem
540 482 898 568 requiraS,
966 486 1038 548 et
1098 482 1421 548 ordinem
1486 484 1815 566 docendi,
1877 486 2149 548 frustra
2203 484 2489 550 labora-

259 596 450 658 veris
484 594 652 676 (1).„

430 698 536 762 4.⁰
630 698 768 760 Sed
826 696 1016 780 quod
1078 698 1306 778 magis
1372 698 1681 780 pretium
1749 696 1959 778 hujus
2037 698 2489 762 collectionis

256 806 608 868 imminuit
642 806 776 868 fuit
818 806 1016 868 certe
1080 804 1550 884 investigatio
1626 804 1883 884 critica
1945 804 2143 866 circa
2205 822 2491 868 errores

256 914 328 974 et
354 912 616 976 menda
648 928 834 992 quae
868 912 942 974 iu
978 908 1234 974 eadem
1272 912 1753 992 undequaque
1789 916 2083 992 reperta
2115 917 2305 974 sunt.
2349 912 2491 974 Sub

254 1017 388 1080 hoc
416 1018 752 1082 examine
780 1016 990 1098 plura
1026 1022 1492 1078 monumenta
1528 1016 1979 1098 apocrypha,
2047 1018 2493 1098 interpolata

254 1124 372 1187 Vel
400 1128 746 1204 corrupta
786 1124 1074 1186 detecta
1102 1130 1292 1204 sunt,
1332 1142 1634 1204 quorum
1673 1124 2053 1188 elenchum
2087 1124 2293 1188 nobis
2327 1142 2489 1206 sup-

252 1232 532 1310 peditat
568 1230 1092 1294 eruditissimus
1120 1230 1476 1292 Antonius
1510 1230 1983 1310 Augustinus:
2027 1228 2323 1310 ιῑ866ρ6,
2365 1232 2489 1312 ait,

254 1344 574 1400 erratum
626 1354 786 1400 esse
852 1336 1066 1400 video
1124 1338 1196 1398 in
1252 1338 1660 1400 nominibus
1727 1336 2119 1418 hominum,
2183 1338 2489 1420 urbium,

250 1446 822 1526 provinciarum,
864 1442 1374 1524 Conciliorum,
1416 1451 1486 1506 et
1552 1444 1861 1506 aliarum
1923 1462 2189 1506 rerum.
2261 1444 2493 1526 Saepe

250 1552 486 1614 falsae
520 1560 686 1614 sunt
750 1552 1288 1630 inscriptioneS,
1360 1556 1432 1612 et
1498 1568 1685 1630 quae
1751 1548 2235 1614 Conciliorum
2299 1558 2490 1632 sunt,

250 1658 680 1720 Pontificum
744 1658 1226 1720 Maximorum
1286 1674 1444 1720 esse
1502 1660 1861 1736 dicuntur,
1925 1664 1997 1718 et
2073 1676 2259 1738 quae
2329 1664 2495 1722 sunt

249 1768 460 1828 unius
498 1764 842 1846 Episcopi
878 1766 1268 1846 inferioris,
1308 1764 1626 1826 Romano
1664 1764 2021 1846 Pontifici,
2061 1772 2183 1826 aut
2245 1762 2493 1828 Conci-

248 1872 344 1936 lio
384 1872 716 1952 generali
754 1872 872 1934 vel
922 1872 1360 1952 provinciali
1426 1872 1863 1932 tribuuntur.
1933 1870 2157 1932 Multa
2223 1868 2493 1952 Grego-

248 1980 362 2060 rii,
396 1980 786 2060 Ambrosii,
818 1978 1224 2060 Augustini,
1266 1978 1388 2042 vel
1414 1978 1843 2058 Hieronymi
1907 1980 2137 2042 verba
2201 1996 2359 2040 esse
2395 1980 2493 2042 di-

250 2096 538 2166 cuntur,
580 2104 766 2166 quae
796 2096 920 2148 aut
954 2104 1309 2166 nusquam
1348 2090 1667 2166 exstant,
1711 2096 1833 2148 aut
1863 2086 2103 2148 aliena
2131 2096 2319 2148 sunt.
2357 2086 2495 2148 Illa

250 2212 538 2276 quoque
576 2196 762 2274 ipsa,
804 2212 990 2274 quae
1026 2194 1542 2274 inscriptiones
1580 2212 1797 2260 veras
1833 2194 2129 2276 habent,
2165 2212 2309 2258 non
2341 2212 2497 2258 rec-

248 2302 318 2364 te
352 2302 846 2384 referuntur.„
888 2302 980 2384 (2)
2347 2304 2351 2308 '

430 2408 526 2471 Ut
562 2408 836 2490 aliquid
866 2410 952 2470 de
986 2408 1238 2472 valore
1266 2408 1664 2472 scientifico
1691 2410 1989 2472 Decreti
2025 2410 2491 2490 attingamUS,

246 2516 430 2579 satis
466 2518 558 2579 sit
596 2516 976 2579 declarare
1010 2514 1418 2595 hujusmodi
1478 2518 1985 2581 collectionem
2041 2518 2335 2599 plenam
2389 2518 2493 2581 in-

246 2623 722 2705 dubitatoque
754 2625 968 2687 fidem
1002 2643 1144 2687 non
1180 2625 1468 2705 mereri,
1520 2643 1667 2687 non
1703 2625 1993 2705 quidem
2049 2643 2141 2689 ex
2207 2625 2497 2691 defectu

246 2733 662 2813 probitatis,
702 2733 830 2795 sed
864 2733 1102 2813 potius
1142 2749 1232 2793 ex
1298 2731 1588 2795 defectu
1646 2733 2023 2813 scientiae3
2085 2749 2249 2795 cum
2305 2735 2497 2795 enim

246 2841 648 2907 Gratianus
682 2841 932 2921 graeci
965 2841 1328 2901 idiomatis
1366 2843 1664 2921 ignarus
1725 2849 1941 2921 esset,
2003 2849 2223 2921 atque
2277 2843 2497 2905 etiam

248 2969 332 3013 eo
372 2959 700 3031 tempore
740 2949 1066 3027 vixisset,
1108 2965 1244 3029 quo
1284 2947 1600 3011 nondum
1636 2967 1679 3011 6
1715 2949 1987 3011 criticis
2026 2947 2311 3012 Codicis
2366 2949 2495 3013 Isi-

248 3059 536 3121 doriani
574 3059 854 3119 falsitas
890 3057 1178 3119 detecta
1202 3067 1382 3137 erat,
1418 3058 1658 3121 omnia
1695 3067 2159 3121 monumenta
2195 3059 2495 3139 promis-

248 3169 384 3230 cue
420 3171 810 3247 congessit,
872 3173 1042 3249 quin
1100 3171 1528 3249 apocrypha
1576 3189 1618 3233 a
1683 3171 2041 3251 genuiniS,
2107 3171 2395 3253 integra
2453 3191 2497 3235 a

246 3275 736 3355 interpolatiS,
778 3275 1062 3337 sincera
1102 3295 1142 3337 a
1198 3277 1679 3357 supposititiis
1739 3279 2155 3341 discernere
2219 3281 2489 3359 posset.

246 3381 438 3445 Hinc
468 3381 556 3443 ab
594 3381 920 3443 omnibus
954 3387 1254 3463 recepta
1310 3385 1588 3465 regula:
1628 3385 1689 3447 si
1723 3387 2127 3449 scientifica
2191 3404 2495 3469 quaera-

246 3493 368 3551 tur
406 3489 802 3567 auctoritas
840 3491 1080 3571 operis
1142 3489 1500 3575 Gratiani,
1556 3497 1837 3557 tantum
1897 3497 2151 3559 valent
2207 3497 2495 3575 singula

246 3603 718 3661 monumenta
754 3599 826 3661 in
862 3615 946 3661 eo
980 3599 1242 3677 relata,
1280 3607 1628 3681 quantum
1664 3603 1917 3665 valent
1955 3601 2041 3665 de
2071 3619 2173 3683 se,
2233 3601 2305 3663 id
2359 3607 2491 3683 est,

248 3705 310 3767 si
336 3723 704 3786 nunquam
742 3707 814 3768 in
860 3707 1270 3787 hujusmodi
1334 3727 1552 3789 opere
1618 3711 1925 3771 fuissent
1975 3709 2495 3799 recensita;‚id-

250 3815 448 3877 circo
478 3815 732 3877 haberi
768 3815 1032 3879 debent
1080 3819 1508 3897 apocrypha
1568 3823 1644 3881 ut
1693 3819 2143 3899 apocrypha,
2207 3819 2495 3899 integra

250 3931 328 3989 ut
362 3925 672 4007 integra,
714 3935 1058 4007 corrupta
1097 3936 1170 3989 ut
1206 3937 1576 4009 corrupta,
1618 3929 2027 4009 approbata
2097 3937 2169 3991 ut
2235 3945 2495 4011 appro-

248 4037 452 4115 bata,
492 4045 630 4099 etc.

398 4215 478 4281 (l)
544 4213 672 4267 Loc.
702 4217 796 4267 cit.

400 4289 450 4355 (2
456 4307 472 4353 )
550 4285 674 4340 Lib.
700 4287 728 4339 Ι
754 4287 958 4353 dialog.
994 4287 1018 4339 1
1042 4281 1104 4339 de
1124 4283 1326 4339 emend.
1356 4281 1620 4339 Gratiam.
