3332 5100
1431 302 1786 358 -131—

669 446 857 510 Ante
893 446 1269 510 saeculum
1295 444 1473 508 XIII
1507 446 1710 508 nulla
1738 448 1896 508 erat
1930 464 2248 528 persona
2290 446 2726 510 determina-

485 560 591 636 ta,
633 572 769 618 nec
835 554 1193 636 speciales
1263 554 1712 618 conditiones
1778 554 2382 618 desiderabantur
2440 554 2534 618 ad
2592 554 2728 618 hoc

487 662 901 745 exequendi
991 662 1351 742 rescripta
1417 680 1712 726 munere
1800 664 2288 744 fungendum:
2364 664 2728 726 Romanus

487 772 683 836 enim
718 770 1057 832 Pontifex
1093 770 1183 832 ad
1223 770 1760 850 beneplacitum
1792 788 1994 832 suum
2024 770 2558 852 delegationem
2586 770 2728 834 cui-

485 880 671 942 libet
705 878 1097 956 tribuebat,
1139 880 1217 940 ut
1251 878 1680 958 rescriptum
1716 878 2128 940 executioni
2194 878 2596 940 mandaret.
2668 878 2730 940 A

487 988 789 1050 saeculo
821 988 1063 1048 autem
1101 984 1277 1046 XIII
1317 984 1501 1046 duae
1541 986 1940 1066 qualitates
1976 990 2297 1048 statutae
2332 986 2626 1048 fuerunt
2658 986 2732 1048 in

493 1092 821 1158 Concilio
849 1092 1317 1172 Lugdunensi
1352 1092 1409 1170 I,
1453 1092 1710 1172 quibus
1738 1092 2064 1174 insigniti
2100 1110 2258 1156 esse
2306 1092 2578 1156 debent
2612 1092 2728 1156 de-

487 1200 721 1282 legati
757 1198 847 1260 ad
875 1200 1235 1278 rescripta
1262 1198 1688 1278 Apostolica
1720 1196 1922 1262 Sedis
1952 1200 2402 1280 exequenda,
2442 1216 2726 1280 nempe:

505 1308 611 1372 1.²²
646 1324 945 1370 necesse
975 1310 1085 1370 est
1151 1310 1613 1370 executorem
1674 1308 1748 1370 in
1812 1308 2314 1372 ecclesiastica
2380 1308 2730 1388 dignitate

498 1414 869 1494 constitui3
913 1412 1019 1474 2&
1047 1414 1551 1476 canonicatum
1587 1412 1860 1478 habere
1888 1416 1962 1478 in
1996 1416 2240 1496 aliqua
2268 1416 2582 1478 ecclesia
2618 1418 2732 1478 ca'-

497 1522 841 1602 thedrali,
879 1520 1001 1584 vel
1037 1520 1291 1582 saltem
1337 1520 1706 1602 collegiali
1738 1522 2028 1604 insigni:
2084 1542 2268 1604 quae
2304 1522 2588 1606 quidem
2624 1540 2732 1586 re-

495 1632 763 1714 quisita
797 1634 1051 1712 postea
1081 1648 1121 1690 a
1157 1628 1531 1692 Bonifacio
1561 1628 1734 1692 VIII
1762 1630 1854 1712 (1)
1890 1632 2316 1694 confirmata
2342 1632 2530 1708 sunt,
2572 1646 2730 1692 cum

495 1740 745 1818 aliqua
775 1742 1019 1800 tamen
1057 1736 1543 1816 restrictione,
1585 1736 1850 1800 etenim
1886 1738 1976 1800 ab
2020 1736 2370 1818 ejusmodi
2434 1752 2732 1798 munere

495 1844 829 1910 obeundo
861 1844 1261 1906 canonicos
1299 1844 1772 1906 ecclesiarum
1796 1844 2280 1924 collegialium
2306 1842 2636 1908 exclusit.

675 1954 997 2016 Tandem
1037 1952 1327 2014 saeculo
1355 1950 1527 2014 XVI
1545 1948 1942 2014 Concilium
1970 1950 2466 2014 Tridentinum
2492 1950 2612 2030 huj
2626 1968 2730 2012 us-

493 2060 691 2124 modi
719 2060 1177 2140 disciplinam
1213 2058 1473 2120 iterum
1507 2058 1936 2120 reformavit
1972 2060 2298 2148 statuens
2332 2056 2426 2138 (2)
2484 2056 2558 2118 in
2596 2056 2734 2118 sin-

491 2168 681 2250 gulis
751 2166 1093 2230 Conciliis
1159 2164 1742 2246 provincialibus
1800 2168 1924 2226 aut
1990 2164 2440 2228 dioecesanis
2476 2162 2734 2226 saltem

493 2280 805 2358 quatuor
839 2292 1193 2354 personas
1231 2254 1607 2354 eligendas
1676 2290 1858 2350 esse,
1924 2290 2110 2354 quae
2176 2272 2560 2352 qualitates
2612 2270 2734 2334 ha-

489 2384 741 2462 beant,
773 2382 987 2462 juxta
1019 2372 1625 2444 Constitutionem
1663 2380 2020 2442 Bonifacii
2054 2380 2252 2458 VIII,
2326 2396 2510 2460 quae
2560 2378 2732 2440 inci-

491 2490 623 2573 pit:
663 2490 1035 2571 Statutum,
1075 2488 1335 2571 quibus>
1381 2488 1686 2571 posthac
1724 2504 1990 2551 causae
2040 2486 2586 2551 ecclesiasticae
2646 2502 2734 2549 ac

491 2599 913 2681 spirituales
934 2599 1009 2661 in
1035 2597 1363 2677 partibus
1394 2595 1848 2677 delegandae
1876 2595 2526 2659 committerentur.
2556 2593 2730 2655 Nos-

491 2707 625 2770 tris
655 2725 831 2769 vero
867 2705 1339 2787 temporibus,
1377 2723 1537 2767 cum
1575 2703 1900 2767 Concilia
1964 2701 2450 2785 provincialia
2516 2703 2732 2781 atque

494 2815 937 2877 dioecesana
967 2813 1055 2875 ob
1093 2829 1377 2891 causae,
1413 2829 1591 2893 quas
1621 2811 1738 2873 hic
1772 2827 2178 2873 memorare
2232 2811 2478 2887 vacat,
2546 2807 2732 2889 pene

494 2919 973 2997 cessaverint,
1007 2917 1111 2979 ita
1147 2921 1223 2979 ut
1253 2917 1603 2997 ejusmodi
1639 2915 1912 2997 Synodi
1946 2917 2110 2979 rare
2142 2917 2570 2995 habeantur,
2600 2913 2732 2977 Ro-

491 3027 691 3091 mani
723 3025 1109 3089 Pontifices
1149 3027 1629 3087 assueverunt
1665 3025 2090 3085 facultatem
2146 3021 2526 3103 Epi-scopis
2590 3025 2732 3083 tra-

495 3135 693 3211 dere,
735 3139 813 3195 ut
851 3153 1003 3195 cum
1039 3133 1323 3197 consilio
1363 3133 1653 3215 capituli
1684 3119 1966 3211 judices
2026 3131 2408 3213 designent
2456 3127 2576 3211 qui
2610 3125 2734 3207 Sy-

495 3241 799 3305 nodales
835 3239 1195 3303 dicuntur.

677 3347 829 3411 112.
929 3347 1095 3409 Tria
1135 3345 1814 3429 praecipua-officia
1848 3345 2360 3409 executoribus
2392 3345 2466 3409 in
2530 3361 2734 3407 exer-

497 3455 667 3519 citio
697 3455 807 3517 sui
843 3453 1159 3517 muneris
1193 3453 1637 3517 incumbunt:
1682 3455 1782 3515 1.Ο
1826 3453 2188 3535 inspicere
2226 3451 2440 3515 debet
2496 3455 2732 3513 utrum

497 3563 734 3625 adhuc
761 3561 1161 3643 perdurent
1197 3561 1585 3625 facultates
1621 3561 1760 3623 sibi
1794 3565 2164 3643 tamquam
2192 3559 2418 3639 Judici
2446 3559 2732 3639 delega-

495 3677 569 3733 to
611 3685 1030 3749 concessae,
1057 3687 1165 3735 an
1193 3669 1347 3749 jam
1385 3667 1754 3749 desierint3
1794 3667 1896 3731 2.0
1936 3671 2324 3749 antequam
2388 3669 2734 3729 executor

497 3795 649 3841 rem
683 3775 1139 3839 commissam
1171 3775 1263 3843 ad
1329 3775 1598 3839 exitum
1668 3776 1998 3857 deducat,
2066 3775 2386 3857 inquirat
2448 3777 2736 3853 oportet

413 3881 415 3883 ’
497 3903 665 3949 num
694 3883 1127 3965 rescriptum
1165 3883 1497 3945 vitiatum
1533 3885 1625 3947 sit
1653 3901 1910 3965 necne;
1948 3901 2114 3945 nam
2150 3883 2210 3945 si
2246 3881 2488 3961 aliquo
2552 3879 2732 3943 vitio

499 3995 897 4073 laboraret,
935 3991 1029 4055 ad
1063 3991 1403 4059 Sanctam
1431 3991 1686 4055 Seden]
1724 4009 2102 4055 recurrere
2130 3995 2370 4073 potest
2394 4007 2524 4071 pro
2554 3989 2732 4053 obti-

641 4189 717 4253 (1)
791 4185 927 4251 Cap.
961 4186 1021 4237 11
1049 4183 1111 4237 de
1131 4183 1431 4251 Rescriptis
1451 4183 1509 4235 {a
1539 4183 1716 4239 Sexto.

645 4259 725 4325 (2)
803 4257 957 4311 Sese.
993 4257 1077 4323 25,
1099 4273 1219 4323 cap.
1251 4257 1317 4307 10
1335 4255 1397 4309 de
1415 4253 1724 4325 Reform-tat.
