3332 5100
1277 338 1355 357 --
1399 304 1634 369 355-

354 450 559 511 rebus
608 448 1081 511 dissimilitudo
1129 455 1197 511 et
1248 466 1501 528 pugna,
1534 467 1753 527 aeque
1783 451 2194 527 probabiles,
2223 466 2440 528 aeque
2477 448 2591 512 bo·

355 547 502 606 nas,
528 546 747 605 aeque
772 530 913 591 Deo
938 540 1258 607 acceptas
1289 548 1437 593 esse
1468 549 1698 592 omnes
1725 549 1860 593 non
1891 549 2108 608 posse.

516 611 627 672 Sic
655 612 774 671 illa
807 614 1141 686 quidlibet
1174 614 1509 672 sentiendi
1539 613 2054 688 litterarumque
2083 613 2320 673 formis
2351 612 2595 687 quidli-

356 694 471 751 bet
500 692 928 767 exprimendi
949 694 1264 765 facultas,
1300 694 1478 753 omni
1505 694 1970 754 moderatione
2014 694 2423 767 posthabita,
2457 710 2594 753 non

359 774 696 848 quoddam
738 780 841 832 est
885 774 1157 849 propria
1179 775 1251 833 vi
1300 790 1421 833 sua
1472 776 1744 849 bonum,
1779 790 1910 848 quo
1958 774 2250 835 societas
2297 775 2592 834 humana

356 854 502 913 iure
532 854 845 927 laetetur3
869 855 988 913 sed
1017 854 1377 914 multorum
1406 856 1735 914 malorum
1783 856 1933 914 fons
1964 862 2034 913 et
2061 853 2590 928 origo.-Liber-

357 940 483 1007 tas,
509 940 583 993 ut
607 950 781 1007 quae
811 934 1027 993 virtus
1057 942 1159 993 est
1183 936 1517 994 hominem
1554 936 1935 1009 perficiens,
1977 934 2182 993 debet
2204 934 2274 992 in
2298 950 2382 993 eo·
2412 934 2593 1008 quod

357 1030 593 1074 verum
626 1014 733 1084 sit,
769 1016 1080 1089 quodque
1105 1015 1375 1088 bonum,
1413 1016 1699 1075 versari:
1727 1016 1886 1075 boni
1921 1022 2147 1075 autem
2174 1014 2457 1089 verique
2485 1031 2592 1073 ra-

360 1094 451 1153 tio
481 1095 729 1153 mutari
758 1096 845 1153 ad
874 1095 1162 1155 hominis
1192 1096 1549 1156 arbitrium
1579 1113 1714 1155 non
1745 1102 1986 1171 potest,
2023 1096 2144 1154 sed
2170 1102 2398 1159 manet
2429 1110 2599 1153 sem-

358 1191 479 1249 per
509 1175 768 1246 eadem,
802 1192 1023 1249 neque
1053 1177 1273 1235 minus
1330 1183 1452 1249 est,
1490 1192 1691 1249 quam
1754 1176 1904 1251 ipsa
1929 1185 2176 1235 ‘rerum
2204 1181 2469 1249 natura,
2499 1176 2599 1235 in-

360 1255 877 1314 commutabilis.
936 1254 1006 1315 Si
1065 1270 1253 1315 mens
1308 1257 1732 1316 adsentiatur
1788 1256 2213 1331 opinionibus
2263 1256 2477 1329 falsis,
2537 1256 2595 1314 si

360 1336 611 1395 malum
644 1336 957 1395 voluntas
989 1337 1298 1395 adsumat
1330 1343 1397 1395 et
1425 1338 1514 1396 ad
1542 1338 1613 1395 id
1647 1352 1718 1395 se
1750 1338 2070 1411 applicet,
2110 1336 2598 1411 perfectionem

359 1416 463 1475 sui
490 1424 733 1476 neutra
784 1416 1240 1490 consequitur,
1276 1417 1396 1475 sed
1447 1418 1774 1476 excidunt
1821 1418 2155 1491 dignitate
2203 1416 2499 1476 naturali
2529 1421 2597 1474 et

357 1496 430 1556 in
459 1498 911 1571 corruptelam
935 1498 1176 1555 ambae
1206 1497 1636 1557 delabuntur.
1692 1497 2169 1572 Quaecumque
2201 1502 2357 1556 sunt
2385 1496 2594 1571 igitur

357 1576 595 1636 virtuti
623 1578 1033 1652 veritatique
1082 1578 1443 1651 contraria,
1497 1578 1671 1637 eain
1702 1579 1854 1637 luce
1905 1585 2108 1651 atque
2138 1578 2208 1637 in
2240 1578 2451 1636 oculis
2483 1577 2592 1634 ho-

358 1658 613 1717 minum
642 1672 892 1731 ponere
940 1674 1075 1717 non
1106 1664 1207 1717 est
1240 1674 1553 1732 aequum:
1606 1659 1832 1734 gratia
1861 1660 2161 1717 tutelave
2213 1658 2444 1733 legum
2486 1658 2598 1716 de·

357 1737 660 1812 fondere,
710 1738 919 1801 multo
949 1738 1191 1797 minus
1245 1737 1403 1797 Sola
1454 1740 1627 1798 bene
1679 1745 1834 1797 acta
1877 1739 2022 1797 vita
2050 1739 2165 1796 via
2200 1745 2302 1796 est
2345 1738 2414 1796 in
2443 1753 2594 1796 coe·

357 1818 517 1891 lum,
552 1834 685 1892 quo
713 1819 1049 1877 tendimus
1079 1818 1403 1879 universi:
1439 1820 1523 1878 ob
1554 1834 1842 1893 eamque
1869 1834 2014 1878 rem
2043 1820 2317 1877 aberrat
2350 1817 2594 1877 civitas

358 1915 399 1958 a
429 1898 669 1973 regula
700 1904 767 1957 et
795 1900 1329 1973 praescriptione
1380 1906 1689 1973 naturae,
1724 1900 1780 1958 si
1809 1899 2156 1957 licentiam
2204 1898 2595 1973 opinionum

358 1994 703 2055 praveque
733 1979 1067 2038 factorum
1118 1978 1189 2056 in,
1211 1986 1471 2039 tantum
1498 1980 1816 2039 lascivire
1868 1980 2066 2055 sinat,
2093 1986 2167 2037 ut
2194 1979 2468 2054 impune
2517 1978 2596 2036 li-

359 2064 514 2118 ceat
542 2066 801 2119 mentes
832 2076 871 2117 a
900 2060 1213 2133 veritate,
1254 2060 1509 2119 animos
1540 2077 1581 2119 a
1638 2060 1884 2119 virtute
1915 2058 2594 2119 deducere.—Eccle-

359 2140 530 2199 siam
550 2154 734 2213 vero,
785 2156 987 2214 quam
1014 2140 1195 2200 Deus
1246 2141 1391 2215 ipse
1415 2140 1787 2213 constituit,
1835 2140 1922 2199 ab
1955 2142 2222 2200 actione
2264 2139 2450 2199 vitae
2479 2155 2598 2199 ex-

360 2220 658 2291 cludere,
683 2236 723 2278 a
743 2220 1033 2295 legibus,
1062 2222 1149 2279 ab
1173 2221 1595 2280 institutione
1617 2222 2176 2293 adolescentIum,
2205 2238 2244 2279 a
2271 2220 2596 2279 societate

359 2300 750 2374 domestica,
778 2316 1065 2375 magnus
1094 2307 1161 2359 et
1190 2302 1611 2375 perniciosus
1638 2307 1740 2360 est
1763 2316 1971 2359 error.
2006 2301 2188 2360 Bene
2218 2307 2482 2359 morata
2504 2300 2600 2358 ci-

356 2381 537 2439 vitas
562 2396 733 2454 esse,
772 2382 1037 2439 sublata
1063 2382 1417 2457 religione,
1451 2398 1585 2441 non
1609 2387 1850 2455 potest:
1885 2381 2154 2456 iamque
2184 2382 2335 2454 plus
2354 2380 2595 2438 fortas-

358 2476 454 2535 se,
489 2478 691 2534 quam
723 2468 1083 2537 oporteret,
1120 2470 1221 2519 est
1265 2462 1631 2537 cognitum,
1669 2462 1890 2535 qualis
1919 2462 1991 2520 in
2039 2478 2108 2519 se
2157 2461 2245 2519 sit
2293 2467 2359 2519 et
2401 2476 2595 2534 quor-

360 2557 507 2601 sum
557 2542 895 2616 pertineat
944 2542 1063 2600 illa
1108 2543 1191 2601 de
1239 2542 1381 2601 vita
1432 2550 1499 2602 et
1545 2542 1850 2601 moribus
1900 2541 2344 2616 philosophia,
2393 2556 2596 2615 quam

358 2624 619 2682 civilem
656 2624 1027 2682 nominant.
1061 2622 1240 2682 Vera
1271 2630 1371 2681 est
1405 2624 1732 2698 magistra
1782 2623 2052 2682 virtutis
2083 2629 2151 2680 et
2190 2629 2415 2681 custos
2461 2638 2596 2681 mo-

357 2718 507 2763 rum
534 2703 841 2762 Ecclesia
872 2701 1139 2777 Christi,
1179 2718 1259 2762 ea
1286 2711 1408 2777 est,
1457 2720 1630 2779 quae
1677 2704 2042 2762 incolumia
2071 2709 2296 2762 tuetur
2349 2703 2598 2776 princi·

358 2785 493 2859 pia,
528 2785 707 2842 unde
731 2784 957 2842 officia
995 2785 1355 2857 ducuntur,
1390 2785 1884 2859 propositisque
1906 2784 2164 2842 caussis
2201 2784 2289 2841 ad
2317 2784 2596 2841 honeste

356 2864 726 2923 vivendum
783 2864 1294 2937 efficacissimiS,
1362 2865 1550 2924 iubet
1603 2881 1739 2923 non
1809 2865 2016 2923 solum
2081 2864 2322 2937 fugere
2385 2879 2596 2936 prave

358 2945 568 3019 facta,
613 2945 732 3004 sed
780 2961 1021 3018 regere
1064 2952 1281 3003 motus
1327 2946 1535 3004 animi
1573 2944 1822 3004 rationi
1864 2944 2238 3002 contrarios
2282 2943 2485 3002 etiam
2511 2943 2596 3001 si-

358 3040 446 3083 ne
495 3024 1237 3084 effectu.-Ecclesiam
1267 3041 1428 3084 vero
1479 3026 1548 3084 in
1582 3041 1853 3086 suorum
1903 3025 2277 3082 officiorum
2321 3039 2598 3081 munere

358 3106 677 3180 potestati
720 3105 908 3162 civili
948 3106 1125 3162 velle
1176 3122 1322 3164 esse
1377 3106 1773 3177 subiectam,
1835 3121 2084 3177 magna
2129 3105 2399 3176 quidem
2427 3103 2596 3161 iniu-

358 3186 484 3252 ria,
520 3201 769 3260 magna
794 3186 1139 3243 temeritas
1180 3192 1301 3244 est.
1334 3186 1477 3245 Hoc
1519 3187 1702 3244 facto
1749 3187 2186 3260 perturbatur
2218 3185 2400 3252 orde,
2439 3184 2597 3256 quia

362 3282 537 3340 quae
586 3267 926 3323 naturalia
990 3273 1146 3325 sunt
1209 3275 1714 3341 praeponuntur
1764 3266 1868 3336 iis,
1937 3282 2110 3336 quae
2169 3271 2322 3323 sunt
2393 3280 2597 3338 supra

360 3353 695 3406 naturam:
751 3346 1007 3404 tollitur
1052 3351 1167 3405 aut
1209 3355 1393 3405 certe
1457 3362 1869 3422 magnopere
1912 3347 2234 3405 minuitur
2284 3345 2596 3418 frequen-

360 3427 457 3486 tia
502 3428 850 3498 bonorum,
899 3427 1164 3500 quibuS‚
1221 3428 1277 3485 si
1322 3429 1509 3487 nulla
1547 3445 1621 3486 re
1663 3427 2125 3501 impediretur,
2173 3441 2596 3484 communem

359 3508 573 3565 vitam
611 3507 919 3565 Ecclesia
974 3507 1363 3580 compleret:
1417 3515 1909 3582 praetereaque
1939 3508 2052 3565 via
2093 3507 2179 3564 ad
2209 3506 2598 3564 inimicitias

359 3587 662 3646 munitur
692 3593 759 3644 et
812 3588 1207 3661 certamina,
1262 3604 1436 3662 quae
1481 3593 1805 3662 quantam
1856 3587 2126 3659 utrique
2173 3584 2594 3659 reipublicae

359 3667 732 3742 perniciem
762 3667 1083 3741 afferant,
1128 3668 1328 3727 nimis
1386 3685 1587 3744 saepe
1633 3674 1916 3726 eventus
1947 3665 2456 3724 demonstravit.

522 3747 921 3806 Huiusmodi
970 3746 1335 3821 doctrinas
1384 3765 1558 3823 quae
1616 3764 1744 3807 nec
1783 3748 2122 3806 humanae
2174 3745 2423 3803 rationi
2453 3759 2601 3819 pro·

360 3829 633 3901 bantur,
688 3833 755 3886 et
795 3828 1157 3901 plurimum
1224 3830 1477 3888 habent
1531 3829 1602 3888 in
1657 3828 1930 3887 civilem
1988 3825 2417 3899 disciplinam
2467 3841 2598 3884 mo-

360 3909 595 3981 menti,
664 3909 922 3966 romani
982 3907 1343 3968 Pontifices
1400 3912 1791 3969 decessores
1848 3907 2096 3979 Nostri,
2155 3921 2308 3964 cum
2388 3906 2601 3980 probe

363 3988 825 4062 intelligerent
872 3989 1033 4061 quid
1082 4004 1121 4045 a
1169 4005 1239 4046 se
1282 3993 1652 4064 postularet
1695 3988 2138 4063 apostolicum
2180 4001 2440 4057 munuS,
2483 3986 2602 4045 im-

362 4085 541 4142 pune
572 4069 761 4126 abire
806 4085 1234 4142 nequaquam
1278 4072 1461 4145 passi
1510 4077 1686 4129 sunt.
1735 4069 1845 4128 Sic
1896 4067 2262 4141 Gregorius
2291 4065 2451 4125 XVI
2482 4083 2601 4140 per

360 4149 772 4222 Encyclicas
827 4149 1087 4206 litteras
1142 4151 1267 4208 hoc
1317 4151 1507 4209 initio
1558 4151 1797 4210 Mirari
1850 4166 1963 4208 vos
2003 4148 2112 4206 die
2137 4146 2263 4206 XV
2312 4147 2601 4222 Augusti

363 4245 541 4289 anno
608 4227 1183 4305 MDCCCXXXII,
1252 4247 1501 4308 magna
1568 4230 2056 4291 sententiarum
2116 4228 2488 4316 gravitate*
2519 4242 2599 4286 ea
