3332 5100
1694 321 2009 379 ...58-

708 469 1074 533 .tenentur
1110 464 1539 548 praesertim
1564 465 1639 528 in
1677 463 1978 545 duobus,
2013 463 2384 546 videlicet,
2426 463 2500 528 in
2549 460 2981 527 celebratio-

734 591 826 637 ne
854 571 1205 637 Sacrificii
1231 571 1711 635 Eucharistici
1738 574 1956 653 atque
1982 571 2055 634 in
2082 570 2424 635 idiomate
2451 570 2679 635 latino
2717 586 2982 635 sacrae

734 681 1099 765 liturgiae.
1136 679 1248 743 Ad
1280 679 1591 761 primum
1627 678 1818 761 quod
1852 679 2138 761 attinet,
2181 677 2693 745 occidentales
2728 677 2982 742 Eccle-

734 789 888 853 siae
924 805 1054 870 pro
1090 785 1311 850 Sacro
1347 786 1682 849 faciendo
1721 784 2118 850 observare
2156 786 2422 849 debent
2453 786 2638 850 ritus
2694 802 2782 849 ac
2815 802 2983 848 cae-

735 894 1125 973 remonias,
1164 910 1351 977 quae
1384 893 1457 956 in
1492 893 1769 957 Missali
1817 891 2139 956 Romano
2199 910 2548 974 expresse
2603 881 2978 973 notantur,

737 1002 1003 1065 etenim
1036 1000 1462 1064 Tridentina
1492 998 1824 1081 Synodus
1867 998 2165 1063 decreta
2221 1000 2694 1065 conciliorum
2727 999 2984 1064 Trevi-

736 1108 969 1172 rensis
1006 1106 1233 1189 (1549)
1269 1110 1341 1172 et
1374 1106 1868 1173 Narbonensis
1925 1105 2154 1189 (1609)
2205 1108 2640 1174 confirmans
2695 1107 2977 1173 statuit:

738 1238 820 1281 ne
852 1214 1320 1281 SacerdoteS...
1347 1217 1527 1281 ritas
1550 1216 1749 1300 alios,
1783 1222 1906 1281 aat
1937 1215 2121 1281 alias
2153 1217 2620 1281 caeremonias
2654 1222 2718 1280 et
2734 1234 2986 1299 preces

740 1326 814 1388 in
846 1323 1225 1387 Missarum
1260 1324 1708 1387 celebratione
1758 1322 2147 1404 adhibeant,
2172 1329 2462 1407 prae-ter
2501 1342 2636 1404 eac,
2675 1341 2844 1405 quae
2895 1321 2984 1385 ab

740 1429 1057 1493 Ecclesia
1076 1430 1436 1513 probatae,
1473 1449 1553 1493 ac
1582 1428 1926 1514 frecaenti
1972 1436 2034 1493 et
2086 1428 2429 1495 laudabili
2485 1450 2615 1493 usa
2669 1434 2988 1511 receptae

737 1536 1005 1625 fuerint
1040 1536 1159 1617 (1).
1201 1532 1454 1615 Quoad
1488 1535 1798 1600 alterum
1835 1536 2089 1599 eadem
2125 1540 2598 1599 sacrosancta
2651 1534 2986 1617 Synodus

744 1643 999 1727 aperte
1035 1642 1385 1707 declarat:
1420 1642 1578 1708 Etsi
1610 1644 1836 1708 Missa
1861 1664 2178 1728 magma-m
2205 1645 2546 1708 contineat
2559 1644 2811 1727 populi
2821 1642 2988 1729 fide-

742 1752 833 1817 lis
866 1752 1337 1834 eruditionem,
1364 1773 1500 1816 ‘non
1534 1760 1761 1817 tamen
1793 1753 2119 1837 expedire
2146 1754 2370 1816 visum
2401 1759 2500 1816 est
2532 1751 2882 1831 Patribus,
2913 1756 2992 1813 ut

744 1857 1019 1941 vulyari
1034 1860 1309 1941 passim
1363 1857 1602 1942 linqua
1658 1859 2138 1923 celebraretur.
2201 1856 2672 1940 Quamobrem,
2727 1863 2990 1921 retento

745 1966 989 2047 ubique
1026 1966 1350 2049 cujusque
1382 1964 1736 2029 Ecclesiae
1792 1965 2096 2048 antiq-ao,
2156 1972 2220 2029 et
2271 1986 2316 2029 a
2373 1971 2614 2029 sancta
2671 1964 2990 2029 Romana

744 2071 1082 2153 Ecclesia,
1116 2072 1418 2136 omnium
1450 2068 1926 2136 Ecclesiaram
1960 2080 2200 2154 matre,
2231 2079 2294 2136 et
2319 2072 2672 2156 maqistra‚
2688 2070 2989 2154 probato

747 2180 956 2243 rita...
990 2176 1110 2260 (2).
1148 2177 1371 2240 Paulo
1400 2184 1562 2259 post
1588 2177 1815 2261 (1566)
1849 2177 2155 2243 Sanctus
2187 2178 2354 2242 Pius
2378 2178 2441 2243 V
2463 2176 2706 2243 Const.
2745 2176 2989 2241 Provi-

749 2284 982 2347 dentia
1018 2281 1347 2345 dec-revit
1370 2280 1669 2345 Latinos
1705 2282 2012 2366 Graece,
2054 2289 2124 2349 et
2153 2284 2472 2349 vicissim
2501 2282 2824 2349 Graecos
2849 2280 2989 2348 La-

749 2390 900 2457 tine
938 2389 1315 2454 celebrare
1350 2389 1641 2452 minime
1666 2390 1960 2455 audere.

926 2495 1039 2561 52.
1134 2495 1219 2560 In
1245 2501 1551 2560 externa
1587 2496 1972 2580 disciplina
2008 2498 2300 2582 duplex⁴
2333 2514 2618 2582 quoque
2677 2496 2990 2562 elemen-

750 2609 900 2672 tum
973 2603 1557 2685 distinguendum
1618 2608 1753 2687 est,
1816 2605 2126 2670 alterum
2185 2607 2377 2688 quod
2443 2605 2991 2693 fundamentale‚

751 2712 1111 2778 essentiale
1160 2729 1287 2775 seu
1329 2712 1732 2796 principale
1788 2712 2166 2794 appellare
2227 2731 2626 2796 possemne,
2681 2712 2996 2776 alterum

752 2820 943 2903 quod
993 2838 1123 2902 per
1171 2819 1701 2900 oppositionem
1747 2821 1975 2885 minus
2019 2822 2420 2906 principale
2477 2839 2606 2886 seu
2661 2819 2993 2886 secanda·

752 2930 936 2993 rium
971 2944 1241 2994 vocare
1277 2926 1549 3007 placet.

930 3032 973 3097 J
980 3051 1095 3096 am
1129 3048 1306 3096 vero
1341 3031 1560 3094 facile
1596 3031 2055 3098 convincitur
2092 3033 2550 3117 disciplinam
2614 3039 2997 3100 externam

755 3140 831 3204 in
863 3140 950 3204 iis
986 3157 1172 3223 quae
1204 3137 1783 3202 fundamentalia
1832 3144 1956 3203 aut
2006 3141 2429 3205 essentialia
2463 3141 2820 3221 dicuntur,
2857 3158 2998 3205 nec

755 3247 1233 3327 revocationi,
1272 3263 1408 3310 nec
1464 3245 2016 3328 dispensationi,
2075 3265 2312 3330 neque
2365 3249 2830 3314 voluntariae
2884 3266 2995 3314 re-

756 3339 1209 3420 nuntiationi
1247 3358 1373 3418 aut
1429 3354 1866 3419 arbitrariae
1921 3355 2314 3420 variationi
2381 3357 2771 3421 obnoxiam
2835 3373 2998 3420 esse

758 3478 997 3543 posse:
1056 3465 1133 3526 ut
1190 3460 1542 3544 ejusmodi
1596 3461 2157 3527 affirmationem
2213 3463 2792 3546 corroboremuS,
2857 3462 2998 3526 duo

668 3611 673 3614 -
761 3569 1307 3654 praestantiora
1358 3569 1696 3651 exempla
1745 3570 2078 3652 apposite
2133 3571 2408 3635 selecta
2464 3575 2536 3634 et
2594 3575 3002 3654 temporum

756 3679 1134 3743 luctuosae
1168 3675 1562 3741 conditioni
1598 3682 1854 3759 aptata
1886 3676 1962 3740 in
1995 3677 2309 3744 medium
2348 3677 2769 3759 afferemus,
2809 3675 3000 3740 scili-

761 3791 902 3867 cet,
940 3785 1502 3875 prohibitionem
1531 3802 1930 3867 pravorum
1987 3784 2338 3849 librorum
2384 3790 2458 3849 et
2509 3783 3002 3849 conservatio-

759 3911 925 3958 nem
974 3893 1519 3958 ecclesiasticae
1566 3892 2064 3976 immunitatis,
2128 3911 2313 3976 quae
2371 3895 2508 3959 duo
2574 3893 3004 3976 disciplinae

762 4001 1009 4083 capita
1035 4000 1419 4066 hodiedum
1446 3999 1836 4064 enucleare
1870 4000 2186 4065 omnium
2222 4003 2420 4067 certe
2453 4002 2709 4068 refert.

902 4199 977 4262 (1)
1046 4194 1185 4250 Sese.
1211 4192 1408 4250 XXII
1406 4237 1419 4264 ,
1438 4195 1497 4249 in
1515 4194 1747 4249 Decreto
1772 4194 1837 4250 de
1860 4193 2060 4251 observ.
2081 4199 2136 4250 et
2153 4196 2276 4251 evit.
2301 4196 2362 4252 in
2383 4195 2537 4252 celeb.
2565 4195 2788 4253 Missae.

902 4271 979 4336 (2)
1057 4269 1200 4322 Sese.
1223 4263 1426 4336 XXII,
1452 4283 1565 4336 cap.
1603 4265 1771 4324 VIII.
