3332 5100
1706 382 1781 393 -
1832 349 1948 406 114
1993 380 2067 391 -

763 494 1267 579 suspendebat
1300 492 1805 558 executionem
1841 494 2046 556 actus
2081 490 2456 575 pontificii,
2485 508 2792 573 eumque
2818 508 2862 553 a
2892 506 3004 553 re-

764 602 905 684 giis
936 599 1421 666 tribunalibus
1457 599 1865 664 examinari
1917 598 2340 681 mandabat,
2379 600 2459 662 ut
2516 597 2622 662 ita
2668 596 3006 662 Pontifex

761 708 1024 775 melius
1059 727 1103 773 a
1136 708 1334 789 Rege
1368 706 1801 789 edoceretur
1833 706 1924 770 de
1957 709 2150 769 statu
2184 704 2658 788 quaestionis,
2721 708 2796 768 et
2844 720 3005 785 gra.

763 816 1061 881 vamina
1087 815 1415 878 auferret
1440 831 1630 896 quae
1662 814 2010 895 ignorans
2045 812 2414 876 intulerat.

898 921 1007 987 3?
1100 923 1499 987 Declarata
1531 938 1659 985 seu
1691 927 1927 1005 aperte
1969 920 2238 985 hostilis
2271 918 2591 999 (saeculo
2625 916 2897 1001 XVIII)
2934 916 3010 980 in

764 1029 1018 1095 diebus
1054 1030 1455 1116 tyrannidis
1488 1030 1561 1092 et
1594 1027 2062 1112 oppressionis
2102 1026 2421 1108 Philippi
2485 1025 2572 1108 V,
2611 1024 2736 1108 qui
2791 1024 3011 1106 ejecit

763 1136 1109 1201 Nuntium
1136 1135 1620 1217 Pontificium,
1681 1137 1757 1197 et
1809 1133 2114 1198 subditis
2176 1133 2546 1216 prohibuit
2610 1132 3012 1215 quamlibet

766 1260 929 1308 cum
1000 1244 1327 1307 Romana
1402 1240 1589 1307 Sede
1651 1241 2377 1306 communicationem
2443 1240 2735 1322 aliaque
2797 1240 3014 1321 plura

765 1351 1132 1415 hostiliter
1173 1350 1248 1413 in
1302 1348 1708 1413 Ecclesiam
1767 1348 2019 1429 gessit;
2082 1352 2302 1429 atque
2363 1348 2698 1411 luctuosa
2763 1349 3014 1410 aetate

766 1457 1249 1541 usurpationis
1285 1462 1357 1521 et
1383 1456 1748 1521 violentiae
1773 1457 2096 1519 PHSSIMI!
2139 1452 2383 1519 Caroli
2399 1454 2530 1535 III,
2561 1453 2684 1537 qui
2711 1454 3013 1517 abusum

770 1564 1026 1648 placiti
1059 1565 1307 1628 furore
1334 1564 1517 1627 adeo
1554 1564 1852 1628 immani
1883 1564 2300 1646 renovavit,
2342 1568 2419 1627 ut
2469 1562 2796 1653 Qummus
2831 1563 3014 1627 Pon-

770 1672 955 1736 tifex
988 1668 1323 1736 Clemens
1388 1669 1567 1735 XIII
1631 1677 1798 1752 post
1860 1670 2212 1734 tredecim
2267 1670 2916 1734 condemnationes
2973 1687 3017 1731 a

770 1779 919 1844 suis
955 1776 1655 1842 Praedecessoribus
1690 1776 1906 1858 latas,
1944 1777 2206 1841 iterum
2241 1777 2443 1840 illum
2478 1777 2830 1840 damnare
2878 1776 3016 1839 fes·

714 1948 721 1954 .
770 1886 1038 1952 tinavit
1065 1885 1345 1951 duabus
1378 1884 1670 1967 litteriS,
1710 1884 1946 1967 prima
1993 1883 2086 1948 ad
2134 1883 2782 1965 Archiepiscopum
2809 1880 3018 1947 Tole-

771 2002 1019 2059 tanum
1058 1995 1429 2077 Postquam
1461 1993 1681 2076 nobis,
1715 1992 1952 2056 altera
1979 1992 2070 2056 ad
2090 1991 2738 2074 Archiepiscopum
2756 1990 3020 2072 Hispa·

772 2101 1053 2166 lensem
1076 2100 1189 2165 Ea
1215 2108 1315 2165 est
1340 2101 1422 2165 de
1458 2106 1597 2180 tuo,
1635 2103 1946 2181 utraque
1979 2100 2094 2163 die
2131 2098 2212 2163 15
2247 2098 2290 2163 J
2293 2098 2580 2163 anuarii
2613 2098 2788 2162 anni
2843 2097 3020 2161 1763

776 2208 1144 2290 expedita.

884 2304 1020 2379 99.
1114 2313 1259 2380 Sub
1295 2319 1599 2403 aspectu
1633 2316 1876 2381 critico
1907 2314 2052 2378 tria
2095 2314 2170 2378 in
2224 2314 2503 2381 Placito
2561 2314 3021 2397 perpendere

777 2420 1013 2504 decet,
1036 2422 1191 2503 ejus
1217 2426 1579 2505 naturam,
1618 2423 2117 2487 extensionem
2143 2426 2364 2505 atque
2394 2424 2747 2488 valorem.

908 2530 1215 2595 Natura.
1313 2529 1424 2594 Ab
1468 2530 1674 2594 initio
1740 2528 2094 2596 Placitum
2159 2535 2441 2597 tantum
2506 2533 2722 2596 situm
2779 2532 2894 2595 est
2949 2528 3024 2594 in

778 2637 1091 2719 simplici
1138 2638 1611 2702 concessione
1671 2641 1744 2700 et
1795 2638 2147 2702 facultate
2205 2641 2404 2705 mere
2463 2639 2938 2703 oeconomica
2979 2655 3022 2700 a

778 2744 1117 2809 Romanis
1138 2743 1605 2810 Pontificibus
1634 2748 1934 2828 propter
1963 2746 2366 2828 peculiaria
2395 2765 2636 2811 rerum
2672 2746 3022 2828 adjuncta

680 2880 692 2890 ·
779 2859 853 2919 et
900 2854 1230 2919 criticam
1282 2857 1691 2937 temporum
1741 2855 2226 2920 conditionem
2278 2853 2660 2937 Episcopis
2716 2855 3018 2936 tributa,

778 2961 1073 3026 minime
1104 2979 1285 3027 vero
1337 2961 1794 3043 Principibus
1831 2963 2354 3043 saecularibus;
2411 2965 2484 3025 et
2537 2961 2709 3026 licet
2764 2966 3022 3044 postea

784 3069 876 3133 ad
905 3067 1207 3134 vitanda
1242 3067 1564 3150 dissidia,
1585 3073 1913 3149 tempore
1928 3067 2292 3133 bellorum
2326 3067 3022 3151 praesertim,Sedes

783 3175 1213 3259 Apostolica
1242 3174 1559 3256 Regibus
1615 3175 1893 3257 aliquid
1948 3175 2422 3256 inspectionis
2479 3193 2608 3240 seu
2667 3174 3022 3239 examinis

781 3283 1156 3365 impertita
1187 3287 1319 3361 est,
1358 3281 1712 3363 ejusmodi
1740 3281 2113 3364 pontificia
2139 3283 2517 3364 permissio
2551 3283 2749 3347 circa
2773 3281 3022 3346 Bullas

784 3389 881 3455 ad
910 3389 1429 3471 indulgentias,
1458 3389 1967 3454 ecclesiastica
2007 3389 2385 3471 beneficia,
2424 3388 2716 3471 aliaque
2739 3389 3022 3470 specia-

715 3527 719 3531 ·
786 3497 887 3562 lia
922 3495 1352 3578 disciplinae
1388 3496 1637 3578 capita
1673 3501 2090 3578 spectantes
2124 3495 2589 3576 versabatur,
2627 3500 2702 3559 et
2733 3495 2825 3559 ad
2857 3496 3020 3559 sim·

789 3605 1054 3689 plicem
1088 3603 1342 3668 Bullae
1380 3603 1706 3670 Visun-am
1741 3594 2344 3686 restringebatur,
2412 3603 2586 3685 quin
2643 3603 2917 3686 aliquid
2949 3602 3021 3667 iu

789 3729 879 3776 ea
912 3711 1262 3793 scribere,
1304 3716 1431 3775 aut
1462 3710 1784 3793 sigillum
1809 3710 1931 3775 vel
1959 3710 2159 3782 aliud
2194 3711 2478 3792 signum
2512 3726 2886 3792 apponere
2911 3710 3021 3775 fas

785 3823 1003 3884 esset.
2245 3897 2256 3908 ἱ

923 3925 1205 3991 Primus
1241 3925 1557 3991 omnium
1593 3925 1716 4007 qui
1747 3923 1884 3988 sibi
1918 3923 2328 3989 vindicavit
2352 3923 2472 4005 Jus
2531 3923 2810 4006 placiti,
2847 3925 3021 3986 tam-

792 4049 1010 4115 quam
1036 4033 1156 4114 jus
1181 4034 1487 4115 regium,
1511 4033 1906 4114 proprium,
1940 4047 2028 4095 ac
2055 4031 2198 4113 maj
2208 4030 2616 4111 estaticum,
2639 4047 3021 4112 supremae

785 4141 1137 4225 potestati
1169 4140 1645 4222 vinculatum,
1684 4139 1822 4203 fuit
1865 4140 2158 4204 saeculo
2209 4138 2343 4204 XV
2373 4137 2417 4202 J
2423 4156 2697 4203 oannes
2732 4138 2829 4221 11,
2889 4153 3020 4201 rex

691 4234 695 4238 ’
787 4248 1234 4332 Lusitaniae,
1306 4248 1429 4331 qui
1486 4248 1741 4312 statuit
1769 4245 2086 4312 Litteras
2135 4246 2597 4328 Apostolicas
2654 4263 2801 4311 non
2867 4261 3021 4310 esse
