3332 5100
1346 373 1423 384 -
1465 339 1543 398 37
1587 373 1665 386 ..-

378 487 453 550 et
484 483 977 549 Romanorum
1008 481 1437 549 Pontificum
1499 483 1824 549 decreta:
1863 487 1940 548 at
1984 482 2047 549 si
2091 501 2214 550 res
2268 485 2638 573 scientifice

375 592 838 676 inspiciatur,
877 592 1015 656 hoc
1048 595 1180 675 est,
1218 593 1280 656 si
1336 591 1764 676 praedictae
1813 590 2243 673 disciplinae
2299 594 2634 673 specten-

378 705 499 765 tur
533 719 681 764 non
712 705 988 764 tantum
1016 705 1093 764 ut
1124 701 1453 765 instituta
1508 719 1597 764 ac
1628 699 1992 783 principia
2025 719 2070 763 a
2103 700 2527 781 maioribus·
2559 702 2631 763 et

380 808 819 891 antiquitate
877 807 1277 872 christiana
1311 808 1608 889 tradita,
1644 808 1775 872 sed
1824 806 2053 872 veluti
2100 807 2340 870 studia
2391 823 2630 889 segre·

381 920 582 998 gata,
625 921 995 997 tamquam
1028 917 1242 980 varia
1275 921 1347 980 et
1380 915 1722 980 distincta
1771 914 2178 998 complexio
2239 914 2634 979 veritatum

380 1024 459 1088 in
491 1040 759 1105 corpus
796 1023 1173 1088 doctrinae
1230 1022 1823 1105 coalescentium,
1861 1026 2255 1103 structura,
2294 1020 2632 1086 methodo

383 1147 475 1194 ac
509 1129 820 1194 materia
853 1129 1231 1212 peculiari,
1268 1131 1705 1209 summatim,
1742 1130 1960 1212 prout
1991 1128 2322 1193 scientiae
2379 1144 2635 1192 conce-

354 1242 591 1320 ptum,
616 1253 705 1301 ac
733 1235 1162 1319 dignitatem
1194 1236 1545 1320 obtinent,
1584 1240 1760 1302 tunc
1792 1235 2038 1318 aliquo
2085 1234 2296 1300 modo
2331 1234 2522 1300 inter
2557 1251 2638 1299 se

384 1342 1005 1408 discriminantur.

562 1448 771 1514 Licet
804 1449 997 1514 enim
1022 1467 1141 1514 res
1166 1448 1539 1515 laboriosa
1566 1452 1678 1514 est
1703 1449 2093 1516 discrimen
2120 1448 2635 1531 determinare,

387 1555 581 1639 quod
615 1556 806 1620 inter
852 1554 1446 1621 Ecclesiasticam
1484 1555 1969 1639 Disciplinam
2018 1564 2090 1622 et
2141 1556 2274 1622 Jus
2331 1554 2637 1622 Canoni-

388 1680 554 1727 cum
592 1662 1007 1745 intercedit,
1044 1667 1117 1726 et
1179 1663 1498 1727 nondum
1546 1663 1726 1728 satis
1783 1667 2039 1747 aperte
2093 1663 2324 1747 liquet
2351 1663 2560 1728 limes
2593 1680 2640 1727 a

386 1787 530 1854 quo
565 1769 820 1852 incipit
854 1774 927 1834 et
957 1769 1033 1834 in
1070 1788 1209 1853 quo
1248 1769 1511 1835 desinit
1562 1781 2043 1853 unaquaeque
2077 1770 2412 1852 scientia,
2451 1770 2636 1834 atta·

384 1894 578 1952 men,
616 1877 757 1941 nisi
788 1877 1267 1959 conceptione
1322 1893 1523 1941 mere
1572 1876 1984 1958 subjectiva
2041 1879 2117 1940 et
2168 1874 2390 1940 ideali
2449 1874 2638 1940 deci-

385 1984 697 2068 piamur,
736 1984 944 2049 nobis
978 1983 1270 2049 videtur
1295 1987 1605 2066 utraque
1634 1983 1944 2048 scientia
1968 1984 2252 2069 oriqine,
2284 1984 2538 2070 objecto
2565 1984 2640 2046 et

379 2091 695 2178 fontibus
758 2092 948 2156 inter
1003 2108 1083 2156 se
1142 2089 1467 2154 differre:
1528 2091 1811 2176 oriqine,
1861 2091 2241 2174 siquidem,
2298 2091 2405 2155 uti
2454 2090 2639 2154 alias

388 2196 1037 2264 animadvertimus
1072 2202 1146 2263 et
1178 2215 1808 2281 supervacaneum
1858 2204 2052 2264 esset
2078 2199 2346 2263 diutius
2393 2197 2639 2263 immo-

387 2306 540 2371 rari
575 2307 831 2372 eadem
860 2306 1284 2389 repetendO,
1322 2305 1461 2371 hae
1496 2305 1928 2391 disciplinae
1984 2310 2357 2390 tamquam
2411 2305 2640 2370 scien-

385 2414 533 2478 tiae
558 2414 857 2496 proprie
892 2413 1132 2478 dictae
1173 2417 1243 2476 et
1278 2412 1365 2477 de
1400 2413 1620 2477 rebus
1670 2413 2187 2496 peculiaribuS‚
2248 2411 2500 2477 ordine
2537 2411 2636 2476 lo-

384 2519 549 2603 gico
614 2523 688 2585 et
753 2519 1046 2586 vinculo
1120 2519 1761 2585 demonstrationis
1825 2515 2228 2603 copulatis,
2297 2523 2634 2602 agentes,

387 2627 680 2693 diverso
710 2631 1041 2711 tempore
1071 2629 1277 2692 ortae
1302 2630 1493 2710 sunt,
1517 2627 1880 2710 nimirum,
1905 2627 2314 2711 Disciplina
2344 2626 2638 2691 saeculo

384 2735 587 2818 XVI,
623 2736 666 2801 J
674 2753 755 2801 us
793 2733 1237 2801 canonicum
1271 2735 1565 2799 saeculo
1598 2733 1767 2815 XII,
1806 2740 2026 2817 atque
2079 2734 2122 2799 J
2129 2751 2210 2797 us
2263 2733 2640 2798 Publicum

388 2848 560 2929 post
594 2843 963 2908 dimidium
999 2843 1277 2908 saeculi
1308 2841 1577 2908 XVIII:
1617 2844 1902 2930 objecto;
1959 2841 2252 2921 etenim,
2305 2839 2640 2923 quamvis

391 2970 642 3019 omnes
708 2951 1063 3034 eiusmodi
1125 2951 1476 3015 scientiae
1541 2951 1740 3015 circa
1795 2950 2328 3032 legislationem
2408 2948 2639 3013 eccle-

391 3058 763 3123 siasticam
824 3062 1237 3141 versantur,
1299 3059 1762 3123 nihilominus
1817 3058 2009 3123 idem
2074 3058 2438 3139 objectum
2491 3073 2639 3120 ma-

390 3167 653 3233 teriale
713 3167 847 3231 sub
926 3165 1217 3232 diverso
1286 3172 1628 3249 respectu
1703 3171 1778 3233 et
1848 3168 2084 3232 forma
2154 3169 2636 3250 pertractant3

392 3274 733 3357 quoniam
768 3273 899 3339 Jus
932 3274 1306 3339 Publicum
1340 3275 1738 3357 praecipue
1785 3274 2087 3358 respicit
2135 3274 2641 3338 characterem

391 3398 521 3445 seu
553 3380 874 3445 indolem
894 3380 1489 3468 fanda-mentalem
1518 3380 2025 3464 legislationis,
2041 3383 2168 3468 jas
2201 3380 2640 3463 constituens,

382 3508 613 3573 posse,
650 3490 729 3552 ut
766 3489 1055 3570 vocant,
1096 3505 1358 3570 nempe
1390 3487 1792 3553 radicalem
1839 3491 1914 3552 et
1965 3504 2383 3571 supremam
2438 3491 2639 3568 pote-

393 3598 659 3660 statem
694 3594 1154 3660 auctoritatis
1185 3594 1477 3659 socialis
1534 3595 1609 3658 in
1666 3594 2024 3677 Ecclesia3
2082 3593 2214 3659 Jus
2267 3593 2644 3659 Privatum

392 3701 671 3768 directe
704 3703 1024 3767 intuetur
1056 3702 1373 3768 indolem
1405 3720 1534 3768 seu
1584 3707 1870 3786 partem
1917 3702 2404 3789 dispositivam
2428 3700 2642 3782 legis-

392 3810 713 3893 lationiS,
754 3827 942 3893 quae
959 3813 1090 3898 jas
1154 3812 1595 3876 constitutam
1650 3810 1795 3875 dici
1849 3816 2115 3894 potest,
2144 3828 2462 3875 exercere
2516 3810 2645 3873 aut

394 3920 804 3986 exercitium
838 3920 1247 4002 potestatis;
1285 3918 1692 4001 Disciplina
1720 3937 1897 3985 vero
1926 3937 2058 4002 pro
2085 3917 2391 4002 speciali
2421 3934 2642 4000 scopo

394 4027 535 4093 sibi
569 4028 912 4111 proponit
944 4026 1393 4111 perscrutari
1443 4026 1759 4092 indolem
1796 4028 2192 4112 practicam
2247 4026 2644 4109 legislatio·

392 4134 530 4218 nis,
551 4136 750 4222 jari-3
785 4135 1139 4201 constituti
1175 4136 1703 4219 observantiam,
1737 4136 2046 4221 implere,
2082 4139 2160 4199 ut
2214 4134 2470 4218 fertur,
2508 4134 2647 4199 hoc

396 4246 533 4328 est,
564 4244 1027 4311 emecatiorzem
1062 4261 1313 4309 eorum
1337 4260 1525 4327 quae
1551 4260 1595 4307 a
1619 4245 1987 4327 potestate
2019 4242 2330 4325 legifera
2361 4242 2647 4309 sancita
