3332 5100
1236 352 1593 414 —171--

277 500 443 587 jure
469 501 782 567 naturali
821 500 1051 586 eolliqi
1083 501 1190 565 vis
1223 506 1422 583 atque
1485 500 1789 565 eoetensio
1843 499 2213 585 potestatis
2278 500 2530 566 eisdem

293 609 772 689 convenientis,
801 607 1073 691 quando
1101 628 1236 671 non
1269 608 1500 672 omnia
1539 609 1719 694 jura
1775 627 1895 671 seu
1941 608 2422 672 attributione-3
2457 610 2530 672 in

272 717 442 801 jure
470 715 703 780 divino
724 716 1031 799 positivo
1065 714 1171 779 vel
1223 715 1680 779 eeclesiastico
1743 715 2196 779 continentur.
2262 716 2374 778 Ita
2408 734 2530 796 po-

289 822 432 885 sita
465 822 918 886 institutione
980 827 1055 884 et
1109 820 1251 884 fine
1313 820 1676 884 Primatus
1741 819 2087 884 servandi
2153 822 2526 904 unitatem,

289 931 494 993 recte
534 929 844 993 infertur
870 946 962 992 ex
989 925 1255 992 Christi
1288 927 1743 991 institutione
1777 934 1851 991 et
1874 927 2039 1008 jure
2071 926 2314 994 divino
2352 928 2528 992 Pon-

287 1035 467 1101 tifici
501 1036 846 1100 tributam
879 1035 1103 1099 fuisse
1138 1051 1298 1098 eam
1331 1051 1614 1098 omnem
1672 1036 2136 1116 potestatem,
2194 1052 2380 1117 quae
2440 1036 2532 1098 ad

291 1142 653 1206 unitatem
688 1141 1086 1206 efficaciter
1121 1140 1702 1205 conservandam
1734 1140 2153 1204 necessaria
2189 1146 2368 1204 erat.

469 1249 572 1314 3?
668 1251 755 1315 In
781 1251 872 1314 iis
899 1250 1230 1329 omnibus,
1263 1269 1435 1331 quae
1459 1249 1553 1312 ad
1593 1269 1816 1313 mores
1864 1255 1928 1312 et
1941 1249 2300 1334 justitiam
2334 1256 2530 1312 natu-

288 1357 512 1421 ralem
539 1364 870 1441 spectant,
917 1357 978 1420 si
1025 1357 1202 1441 leqes
1227 1357 1575 1440 positivae
1627 1356 1969 1442 deficiant,
2019 1357 2148 1442 jus
2209 1358 2532 1420 naturale

292 1465 423 1529 erit
453 1465 597 1546 lea),
633 1466 742 1529 cui
758 1464 1042 1550 judicia
1077 1470 1141 1528 et
1173 1464 1438 1548 neyotia
1502 1463 1954 1547 attemperari
2008 1464 2266 1527 debent.
2322 1464 2530 1528 Ratio

293 1572 514 1636 obvia
549 1577 684 1652 est;
749 1572 868 1652 Jus
928 1571 1118 1634 enim
1181 1570 1517 1634 naturale
1575 1588 1905 1635 normam
1967 1573 2222 1652 tutam,
2278 1590 2532 1652 perpe-

290 1683 490 1741 tuam
526 1684 743 1760 atque
777 1677 1299 1741 immutabilem
1326 1677 1538 1765 ’nobis
1575 1676 1894 1757 exhibet,
1959 1677 2237 1759 quoties
2292 1678 2532 1758 agitur

291 1782 378 1846 de
411 1773 893 1847 informandis
926 1783 1244 1846 moribus
1282 1787 1354 1846 et
1387 1782 1644 1847 officiis
1682 1782 2185 1864 adimplendis.

464 1889 576 1953 4?
663 1892 749 1954 In
765 1893 933 1977 jure
968 1891 1294 1955 canonico
1361 1891 1598 1955 sedulo
1664 1891 2189 1974 distinyuendae
2236 1898 2394 1956 sunt
2442 1892 2530 1954 Ze·-

288 2017 399 2080 9es
432 1999 793 2062 naturales
829 2018 872 2061 a
905 2003 1085 2061 mere
1097 1998 1457 2080 positivis,·
1484 1997 1842 2062 naturales
1876 2018 2166 2080 namque
2193 2006 2352 2062 sunt
2396 2022 2530 2062 om-

290 2105 452 2168 nino
487 2105 978 2185 immutabiles,·
1004 2105 1354 2188 positivae
1385 2126 1543 2171 vero
1580 2105 2030 2189 deroyationi,
2066 2107 2532 2170 immutationi

291 2219 352 2274 et
376 2213 888 2294 dispensationi
921 2211 1254 2276 obnoaeiae
1303 2233 1448 2275 esse
1483 2219 1801 2296 possunt.
1865 2211 2074 2276 Ratio
2133 2220 2266 2292 est,
2334 2215 2526 2296 quia,

295 2334 451 2380 cum
484 2317 820 2380 Ecclesia
855 2317 1034 2380 nihil
1069 2319 1303 2399 possit
1336 2319 1410 2381 in
1464 2318 1730 2382 divinis
1797 2321 1870 2381 et
1920 2318 2372 2382 naturalibus
2436 2320 2530 2382 le-

293 2425 498 2505 gibus
538 2425 919 2506 derogare,
959 2433 1243 2488 mutare
1277 2425 1398 2489 vel
1435 2425 1886 2507 dispensare,
1953 2426 2257 2489 interest
2316 2444 2530 2506 quam

293 2533 608 2597 maxime
639 2550 878 2613 nosse,
931 2552 1025 2597 an
1059 2532 1260 2615 leges
1328 2533 1403 2598 in
1452 2534 1617 2616 jure
1685 2534 2036 2598 canonico
2093 2534 2374 2599 relatae
2440 2553 2532 2601 ex

293 2640 447 2722 ipso
476 2642 648 2723 jure
680 2651 991 2706 naturae
1026 2641 1498 2726 descendant,
1537 2662 1630 2707 an
1664 2661 1843 2708 vero
1880 2661 1972 2708 ex
2026 2644 2183 2707 sola
2221 2645 2530 2707 auctori-

293 2751 440 2813 tate
475 2750 1004 2815 ecclesiastica.

471 2857 626 2922 149.
723 2857 1095 2924 Vocantur
1149 2858 1405 2923 Patres
1470 2859 1873 2942 Ecclesiae,
1925 2862 2143 2943 juxta
2224 2862 2528 2926 Vincen-

294 2966 467 3030 tium
536 2966 990 3029 Lirinensem
1053 2967 1125 3029 in
1192 2983 1319 3030 suo
1387 2966 1978 3052 Commonitorio,
2046 2970 2366 3051 insignes
2424 2969 2530 3033 illi

295 3071 700 3155 Scriptores
735 3074 1260 3154 Ecclesiastici,
1301 3076 1422 3156 qui
1474 3077 1548 3139 in
1598 3077 1733 3162 fi'de
1787 3085 1851 3142 et
1914 3081 2380 3143 communione
2422 3099 2528 3141 ca-

195 3253 201 3262 ,
297 3179 546 3244 tholica
580 3186 830 3261 sancte,
869 3182 1244 3264 sapienter,
1277 3190 1339 3245 et
1373 3190 1763 3247 constanter
1817 3185 2142 3267 viventes,
2196 3185 2528 3267 docentes,

297 3295 355 3351 et
373 3294 862 3370 permanentes
885 3287 989 3352 vel
1011 3289 1188 3351 mori
1220 3288 1294 3351 in
1330 3285 1598 3354 Christo
1626 3290 1949 3376 fideliter,
1987 3291 2091 3356 vel
2150 3295 2368 3357 occidi
2390 3315 2528 3377 pro

236 3448 244 3456 .
304 3391 568 3459 Christo
596 3394 899 3479 feliciter
929 3403 1343 3460 meruerunt.
1959 3396 1964 3401 ’

475 3501 627 3565 150.
723 3501 1072 3565 Absolute
1118 3502 1479 3584 loquendo
1537 3500 1967 3569 Sanctorum
2022 3504 2314 3569 Patrum
2372 3525 2529 3571 sen-

301 3611 568 3674 tentiae
603 3610 877 3674 nullam
911 3610 1058 3674 vim
1087 3610 1413 3673 obtinent
1446 3610 1521 3673 in
1543 3610 1711 3691 jure
1742 3611 2121 3692 canonico;
2189 3630 2356 3675 nam
2390 3615 2530 3695 ipsi

301 3730 563 3797 reapse
606 3720 773 3779 sunt
805 3714 1194 3779 Sacrarum
1227 3714 1768 3797 Scripturarum
1829 3718 2292 3799 interpretes,
2356 3719 2528 3781 Tra-

305 3823 587 3889 ditionis
624 3829 844 3888 testes
879 3831 1097 3905 atque
1131 3824 1489 3906 custodeS,
1527 3824 1731 3888 Fidei
1767 3826 2336 3909 praedicatoreS,
2384 3827 2528 3891 Μο-

304 3948 454 3997 rum
488 3941 1038 4016 praeceptores,
1107 3952 1251 3997 non
1307 3952 1486 3998 vero
1556 3934 2041 4015 legislatores3
2105 3932 2370 4016 quippe
2438 3935 2532 3997 ad

306 4040 636 4105 ferendas
671 4041 896 4123 legeS,
928 4045 1055 4104 aut
1094 4040 1262 4103 latis
1316 4039 1596 4121 legibus
1654 4039 2151 4121 derogandum
2199 4039 2530 4103 doctrina

309 4153 376 4211 et
398 4151 745 4215 sanctitas
779 4167 924 4213 non
958 4150 1347 4227 sufficiunt,
1387 4148 1538 4229 sed,
1578 4165 1742 4211 cum
1784 4147 1872 4211 de
1926 4148 2091 4229 jure
2153 4149 2528 4213 condendo

309 4258 424 4323 vel
455 4257 872 4340 abrogando
902 4261 1188 4339 agatur,
1218 4255 1637 4321 necessaria
1673 4255 1961 4321 omnino
2007 4261 2117 4320 est
2174 4259 2524 4339 potestati,

311 4382 443 4450 qua
468 4365 713 4432 Sancti
745 4366 1000 4432 Patres
1037 4364 1638 4430 destituebantur.
