3332 5100
1688 354 2007 415 ...46-

721 499 891 584 psit:
926 498 1119 565 “Nisi
1150 499 1377 583 ipsius
1410 499 1746 582 improba
1795 499 2226 565 retundatur
2261 500 2598 580 audacia,
2633 500 2852 567 valde
2885 500 2970 565 ti-

722 606 1058 673 mendum
1093 611 1226 688 est,
1256 624 1347 671 ne
1371 624 1583 690 reges
1619 611 1693 671 et
1740 611 2144 689 potestates
2198 608 2293 671 ad
2347 608 2658 673 similem
2711 614 2973 674 contra

722 713 858 778 Dei
892 713 1297 779 Ecclesiam
1331 713 1874 796 improbitatem
1899 712 2029 776 tali
2069 717 2566 796 provocentur
2601 714 2982 797 exemplo.-

720 818 903 884 Nam
943 820 1370 903 plerumque
1404 817 1595 901 quod
1629 818 1869 901 puniri
1917 836 2063 883 non
2113 818 2438 902 audiunt,
2490 820 2769 884 licitum
2819 820 2971 902 opi·

721 932 989 991 uantur
1024 927 1189 1011 (1).„
1226 925 1554 991 Summus
1586 924 1927 990 Pontifex
1960 925 2383 991 Alexander
2437 927 2688 1011 regiae
2724 926 2970 1011 pravi-

723 1036 855 1100 tati
890 1034 1177 1099 fortiter
1204 1033 1507 1115 obstitit3
1544 1033 1718 1097 licet
1750 1035 1940 1098 enim
1969 1051 2101 1116 pro
2138 1033 2326 1099 bono
2363 1036 2567 1118 pacis
2603 1035 2764 1099 aliis
2801 1052 2970 1101 con-

722 1142 1223 1207 suetudinibus
1247 1141 1561 1223 benigne
1616 1158 1697 1205 se
1729 1140 1976 1223 gessit,
2015 1140 2193 1207 duas
2226 1141 2393 1206 illas
2448 1142 2649 1225 leges
2705 1143 2971 1225 prima-

722 1250 825 1313 tui
852 1249 1217 1332 pontificio
1240 1248 1720 1314 adversantes
1747 1250 2000 1332 aperte
2025 1250 2476 1332 reprobavit,
2508 1250 2696 1315 sicut
2715 1254 2972 1333 postea

724 1356 1018 1421 saeculo
1052 1356 1261 1421 XVII
1295 1360 1608 1421 exeunte
1641 1356 2108 1421 Innocentius
2155 1356 2286 1433 XI,
2321 1356 2742 1421 Alexander
2797 1357 2974 1423 VIII

726 1468 798 1529 et
828 1463 1293 1528 Innocentius
1326 1463 1468 1529 XII
1502 1463 1884 1528 libertates
1915 1464 2306 1550 yallicanas
2342 1463 2800 1528 damnarunt.

900 1570 1315 1635 Recentiori
1368 1575 1612 1635 aetate
1654 1570 1980 1636 eamdem
2040 1570 2488 1653 pontificiam
2555 1570 2976 1637 firmitatem

724 1678 993 1760 passim
1026 1677 1433 1743 invenimus
1469 1676 1542 1741 in
1575 1694 1655 1742 re
1692 1677 1875 1741 tanti
1912 1677 2280 1760 momenti,
2319 1679 2522 1743 velut
2578 1695 2810 1760 prope
2869 1678 2973 1741 in·

724 1784 1042 1849 numeris
1098 1784 1451 1867 exemplis
1500 1784 1835 1867 patefieri
1883 1789 2124 1866 potest
2176 1783 2629 1850 Summorum
2685 1784 2974 1850 Pontifi-

728 1912 924 1975 cum,
995 1894 1116 1977 qui
1180 1893 1692 1957 auctoritatem
1754 1892 2113 1957 Primatus
2179 1897 2251 1957 et
2313 1892 2976 1957 immutabilitatem

723 2001 1177 2083 Disciplinae
1210 2017 1371 2064 cum
1400 1999 1723 2081 ejusdem
1743 1999 2028 2080 Juribus
2059 2000 2498 2081 conjunctae
2531 1998 2974 2063 solemnibus

722 2108 1017 2174 Litteris
1080 2111 1151 2171 et
1198 2106 1649 2189 gravissimis
1706 2107 1959 2189 poenis
2022 2105 2498 2171 invictissime
2561 2122 2974 2189 propugna-

686 2202 918 2298 ‘runt3
956 2216 1342 2281 occasione
1391 2214 1580 2279 enim
1628 2214 1886 2280 Placiti
1935 2214 2155 2300 Reqiz‘,
2208 2214 2295 2277 de
2348 2231 2488 2297 quo
2523 2230 2760 2285 sermo
2813 2230 2972 2295 spe-

727 2323 935 2389 cialis
962 2322 1370 2403 habebitur,
1408 2339 1570 2386 cum
1608 2321 1697 2386 de
1755 2320 2405 2386 constitutionibus
2455 2320 2850 2385 Pontificiis
2897 2320 2976 2383 in

724 2430 1075 2495 Fontibus
1108 2429 1151 2494 J
1157 2429 1303 2494 uris
1338 2447 1664 2511 agamus,
1704 2428 2067 2493 catholica
2116 2428 2451 2493 doctrina
2509 2428 2598 2493 de
2632 2446 2975 2511 suprema

726 2536 1037 2603 Sanctae
1070 2536 1273 2603 Sedis
1307 2534 1874 2619 independentia
1908 2540 1980 2601 et
2014 2536 2430 2602 necessario
2460 2535 2765 2600 Romani
2790 2534 2974 2600 Pon·

726 2646 938 2710 tificis
972 2663 1133 2710 cum
1161 2645 1382 2710 totius
1407 2643 1960 2709 christianitatis
1985 2642 2320 2710 fidelibus
2347 2643 2780 2708 commercio
2809 2661 2973 2726 gra·

726 2753 1101 2819 vissimum
1136 2753 1401 2819 vulnus
1438 2751 1749 2834 accepit.

903 2858 994 2924 Et
1026 2877 1107 2923 re
1134 2859 1423 2942 quidem
1459 2876 1641 2923 vera
1665 2856 1805 2922 hac
1833 2857 1922 2922 de
1947 2875 2172 2923 causa
2204 2859 2500 2924 saeculo
2528 2858 2700 2924 XVI
2725 2859 2974 2923 ineun-

729 2970 801 3032 te
835 2966 978 3049 (die
1004 2967 1089 3030 25
1117 2966 1303 3048 junii
1362 2965 1561 3048 1501)
1619 2965 2038 3030 Alexander
2094 2966 2192 3031 VI
2251 2966 2588 3050 deposuit
2649 2985 2694 3030 a
2745 2983 2973 3048 regno

726 3072 1220 3154 neapolitanO,
1259 3070 1329 3136 S.
1366 3069 1569 3134 Sedis
1602 3070 1898 3150 feudali,
1925 3089 2173 3153 regem
2205 3071 2679 3154 Fridericum,
2719 3077 2792 3136 et
2826 3090 2972 3136 ma-

727 3198 909 3264 gnus
938 3179 1273 3243 Pontifex
1306 3177 1375 3244 S.
1404 3178 1571 3243 Pius
1607 3179 1668 3244 V
1717 3178 2177 3263 Vice-regem
2233 3180 2810 3262 neapolitanum,
2850 3178 2972 3243 du-

729 3304 886 3352 cem
925 3285 1509 3368 Complutensem
1544 3286 2235 3352 excommunicavit:
2271 3288 2566 3351 saeculo
2603 3285 2811 3350 XVII
2857 3284 2972 3348 In-

728 3393 1106 3458 nocentius
1142 3392 1246 3457 XI
1280 3393 1504 3458 edidit
1539 3394 1653 3476 (28
1671 3394 1857 3476 junii
1893 3393 2093 3478 1689)
2121 3391 2721 3458 Constitutionem
2763 3393 2976 3457 Decet

728 3503 1083 3568 Romanus
1105 3501 1435 3586 Pontifex
1459 3501 1904 3584 praecitatos
1939 3519 2226 3565 errores
2253 3500 2689 3565 damnando:
2723 3517 2973 3564 saecu-

726 3607 797 3673 lo
854 3606 1100 3672 XVIII
1158 3612 1454 3689 praeter
1506 3608 1792 3672 Bullam
1849 3607 2240 3673 Clementis
2292 3608 2396 3673 XI
2449 3609 2650 3674 Nova
2707 3627 2976 3692 semper

730 3713 843 3793 (29
876 3733 1047 3780 nov.
1090 3713 1302 3800 1714),
1342 3713 1676 3780 Clemens
1710 3715 1888 3781 XIII
1925 3716 2230 3781 abusum
2261 3714 2523 3781 Placiti
2559 3715 2831 3779 acriter
2862 3731 2974 3778 re-

728 3825 1074 3886 novatum
1136 3839 1180 3885 a
1244 3819 1506 3887 Carolo
1560 3821 1692 3906 III,
1752 3823 2152 3906 Hispaniae
2221 3840 2394 3905 rege
2460 3821 2977 3888 condemnavit

728 4071 801 4124 ab
827 4071 1077 4126 Hem-ico
1100 4073 1157 4126 11
1186 4073 1450 4127 inductas
1476 4087 1621 4139 esse,
1646 4075 1712 4126 ut
1735 4070 2018 4126 Romanus
2041 4070 2312 4140 Pontifex
2333 4073 2635 4127 nesciretur
2674 4072 2737 4127 in
2771 4071 2980 4142 Anglia

726 4146 781 4197 et
792 4157 1017 4210 sponsae
1042 4142 1548 4213 Christ-imvileyia
1568 4144 1684 4198 sine
1704 4143 2072 4212 reparationis
2089 4159 2181 4212 spe
2199 4143 2521 4198 delerentur.
2531 4143 2670 4198 Lib.
2691 4145 2759 4198 V.
2780 4161 2867 4211 ep.
2889 4148 2975 4199 45.

735 4217 959 4358 Dibih),
985 4214 1176 4358 {ntzel
1196 4214 1480 4284 Epistola-3
1502 4213 1581 4270 D.
1612 4213 1796 4270 Thom.
1814 4215 2102 4312 ‘Gantuan
2148 4231 2186 4270 a
2233 4213 2546 4270 Christiano
2588 4213 2748 4285 Lupo
2786 4214 2976 4284 editas,
