3332 5100
1711 302 2026 358 ..52-

915 443 1211 526 Quoties
1276 445 1662 529 disciplina
1725 445 2196 528 particularis
2261 443 2503 512 Sacris
2568 446 2994 531 Scripturis,

738 552 1169 636 disciplinae
1206 553 1588 634 communi,
1626 557 1699 618 et
1731 553 2062 636 generali
2097 553 2475 618 Ecclesiae
2508 555 2846 636 regimini
2873 556 2999 620 ad-

739 669 1101 743 versetur,
1139 661 1263 725 vel
1312 679 1403 724 ex
1452 661 1605 742 ejus
1666 659 2137 725 observantia
2173 660 2466 740 abuSUS,
2505 663 2997 743 perturbatio-

738 785 867 832 nes
903 774 1027 832 aut
1060 785 1560 851 quaecumque
1619 766 1884 830 damna
1939 768 2209 850 populo
2249 767 2646 832 christiano
2684 787 2998 852 sequan-

738 881 877 958 tur,
917 875 1388 957 proculdubio
1427 873 1708 938 aboleri
1744 878 1868 937 aut
1894 873 2315 938 inmmutari
2349 879 2591 956 potest
2625 893 2712 939 ac
2749 875 2992 940 debet:

737 981 1355 1064 praemonendum
1410 987 1654 1044 tamen
1721 986 1831 1044 est
1897 980 2251 1061 ejtismodi
2319 983 2856 1064 oppositionem
2919 983 3000 1048 in

739 1107 920 1155 vera
975 1090 1486 1170 contrarietate,
1538 1105 1685 1151 non
1737 1087 1813 1152 in
1861 1105 2065 1151 mera
2121 1088 2523 1154 diversitate
2582 1089 3001 1172 ponendam

740 1213 925 1278 esse,
963 1196 1101 1259 hoc
1149 1200 1281 1276 est,
1324 1194 1782 1275 disciplinam
1816 1211 1993 1259 vere
2030 1195 2470 1259 censendam
2496 1204 2739 1264 contra
2759 1200 2890 1284 jas
2925 1201 3001 1262 et

739 1319 886 1366 11011
920 1302 1151 1366 solum
1175 1309 1463 1386 praeter
1481 1303 1630 1387 jus,

918 1409 1103 1474 Nam
1137 1410 1417 1492 quoties
1454 1407 1844 1489 disciplina
1879 1409 1971 1472 sit
2028 1413 2323 1492 praeter
2352 1411 2495 1492 jus,
2535 1414 2608 1474 et
2668 1411 2997 1495 alioquin

740 1516 1129 1582 traditione
1160 1521 1232 1580 et
1258 1518 1612 1597 maj0rum
1641 1516 1854 1599 praxi
1884 1517 2167 1581 sancita
2196 1517 2435 1600 fuerit,
2457 1517 2672 1598 juxta
2697 1518 3000 1584 Patrum

740 1624 1155 1688 testimonia
1181 1628 1253 1687 et
1279 1625 1495 1688 totius
1522 1623 1984 1706 antiquitatis
2017 1641 2472 1706 consensum,
2524 1625 2819 1708 poterit,
2874 1626 2999 1689 im-

738 1748 853 1794 mo
892 1731 1111 1794 etiam
1166 1731 1468 1794 tolerari
1526 1729 1914 1811 oportebit.
1951 1728 2066 1792 Ita
2129 1735 2385 1812 aperte
2445 1731 2709 1796 docent
2764 1731 3000 1798 Divus

740 1838 1209 1920 Augustinus,
1249 1837 1555 1901 Sanctus
1590 1836 2077 1918 Hieronymus
2136 1839 2208 1900 et
2241 1836 2585 1902 Nicolaus
2618 1837 2652 1902 I
2685 1838 2761 1902 in
2797 1838 3000 1922 Epis-

742 1945 893 2009 tola
948 1946 1020 2008 II
1070 1945 1162 2008 ad
1215 1945 1572 2008 Photium.
1633 1944 1742 2008 En
1777 1944 2010 2008 verba
2068 1943 2466 2008 Doctorum
2518 1945 3002 2011 Maximorum

741 2051 1125 2135 Augustini
1160 2058 1232 2116 et
1264 2051 1716 2133 Hieronymi,
1755 2069 2060 2133 quorum
2094 2051 2498 2116 doctrinam
2534 2053 2998 2135 amplexatus

744 2167 854 2225 est
910 2160 1244 2224 Pontifex
1292 2160 1631 2223 Nicolaus
1683 2159 1741 2236 1;
1783 2159 2224 2240 Augustinus
2275 2160 2686 2242 luculenter
2732 2163 2995 2246 inquit:

740 2269 827 2334 In
860 2269 967 2333 his
999 2269 1218 2348 rebam,
1254 2269 1336 2332 de
1372 2269 1613 2352 quibas
1666 2268 1844 2332 nthil-
1903 2269 2073 2331 certi
2111 2270 2358 2332 statuit
2414 2268 2817 2352 Scriptura,
2859 2293 3002 2336 mos

732 2377 983 2462 populi
1016 2376 1173 2457 Det,
1210 2376 1315 2440 vel
1345 2376 1669 2438 instituta
1734 2376 2080 2460 majoram
2105 2395 2244 2457 pro
2279 2375 2420 2459 leye
2491 2377 2791 2440 tenenda
2821 2386 3006 2442 sunt.-

744 2485 825 2549 de
863 2486 1103 2569 quibas
1134 2485 1195 2548 si
1231 2484 1591 2568 disputare
1627 2482 2066 2563 voluer-imae,
2102 2489 2164 2545 et
2199 2503 2285 2545 eoe
2307 2483 2607 2547 aliorum
2648 2493 3004 2548 consuetu-

744 2592 903 2657 dine
937 2592 1116 2656 alios
1148 2592 1566 2675 improbare,
1603 2591 1868 2654 orietur
1907 2592 2360 2655 inter-minata
2392 2592 2678 2657 lactatio
2697 2591 2817 2675 (1).
2847 2593 3007 2658 Hoc

744 2698 981 2780 ipsum
1017 2699 1241 2762 tradit
1266 2698 1335 2762 S.
1373 2697 1859 2777 Hieronymus
1898 2696 1991 2759 ad
2025 2696 2382 2760 Licinium
2407 2698 2758 2761 scribens:
2824 2700 2998 2765 Tra—

743 2808 1038 2872 ditiones
1070 2807 1589 2886 ecclesiasticae,
1624 2804 2039 2888 praesertim
2078 2824 2250 2887 quae
2277 2805 2443 2890 fidei
2502 2826 2636 2869 non
2663 2806 3003 2891 officiunt,

746 2914 847 2978 ita
882 2915 1343 2980 observandas
1370 2920 1441 2977 ut
1470 2934 1513 2977 a
1545 2914 1927 2991 majoribus
1963 2914 2266 2977 traditae
2304 2902 2482 2995 sunt,
2531 2935 2650 2978 ‘nec
2699 2916 3005 2981 aliorum

745 3022 1301 3089 consuetudinem
1333 3022 1633 3085 aliorum
1659 3022 2013 3086 contrario
2049 3042 2234 3085 more
2279 3022 2582 3086 subverti
2609 3022 2728 3101 (2).

922 3130 1033 3194 48.
1131 3128 1539 3211 Disciplina
1575 3129 1965 3209 generalis,
2026 3128 2133 3192 uti
2200 3130 2536 3211 superius
2604 3130 3002 3214 innuimus,

745 3240 821 3306 in
855 3238 1299 3323 temporalem
1327 3254 1453 3300 seu
1520 3238 2018 3301 oeconomicam
2081 3241 2155 3299 et
2196 3245 2611 3321 perpetuam
2666 3238 3008 3305 distribui

750 3348 962 3413 solet:
1026 3347 1426 3431 temporalis
1459 3350 1764 3409 vocatur
1832 3362 2018 3427 quae
2053 3346 2394 3409 statuitur
2463 3364 2593 3428 pro
2666 3350 3004 3430 tempore

746 3456 1225 3522 determinato
1262 3460 1334 3517 et
1369 3452 1858 3539 peculiaribus
1898 3470 2153 3517 rerum
2189 3444 2579 3534 adjunctis3
2619 3455 3006 3521 variabilis

746 3569 945 3629 certe
978 3562 1310 3643 habetur,
1341 3559 1696 3643 siquidem
1730 3560 1929 3623 finito
1967 3565 2294 3643 tempore
2351 3561 2472 3625 vel
2532 3562 2826 3625 mutatis
2869 3565 3006 3628 cir-

753 3670 1235 3753 cumstantiis,
1276 3685 1464 3752 quae
1490 3668 1728 3751 praxi,
1761 3667 2221 3749 ordinationi,
2253 3673 2379 3733 aut
2404 3668 2843 3733 institutioni
2880 3690 3003 3735 an-

746 3796 902 3843 sam
937 3778 1315 3859 dederunt,
1354 3793 1637 3840 omnem
1674 3774 1823 3839 vim
1859 3780 1932 3839 et
1989 3775 2322 3858 vigorem
2366 3777 2658 3841 amittit.
2733 3776 2999 3860 Hujus-

746 3884 940 3948 modi
971 3885 1259 3967 generis
1293 3887 1459 3947 sunt
1494 3883 1934 3946 abstinentia
1968 3902 2011 3947 a
2068 3884 2428 3966 sanguine
2487 3888 2560 3947 et
2624 3885 2998 3951 suffocato

891 4154 969 4219 (1)
1038 4148 1221 4218 Epist.
1252 4152 1328 4203 86
1354 4154 1457 4205 vet.
1492 4150 1621 4205 edit.

893 4244 968 4309 (2)
1039 4237 1219 4309 Epist.
1246 4240 1324 4293 28
1346 4243 1447 4295 vet.
1474 4240 1597 4294 edit.
