3332 5100
1669 321 2100 392 -0-16-‚

700 461 1071 544 videlicet,
1104 463 1363 544 divina,
1392 465 1798 549 doymatica,
1826 465 1946 528 vel
1968 466 2556 550 fundamentalia,
2585 485 2772 550 quae
2809 487 2954 532 om-

702 569 994 634 nimoda
1047 569 1633 635 immutabilitate
1685 571 2028 654 gaudent,
2083 577 2155 638 et
2199 578 2556 656 perpetua
2611 575 2955 640 firmitate

703 695 990 760 semper
1024 679 1380 744 fruentur.

879 787 995 851 20.
1093 788 1137 852 J
1140 805 1221 851 us
1297 786 1895 854 Ecclesiasticum
1963 788 2311 855 dividitur
2343 791 2630 857 ratione
2689 793 2952 880 objecti,

702 894 1023 980 oriyinis,
1060 898 1479 963 eoetensionis
1507 899 1580 962 et
1604 896 1958 982 temporis.
2257 893 2264 900 “

883 1003 983 1067 1.⁰
1074 1005 1379 1069 Ratione
1413 1006 1675 1091 objecti,
1713 1003 2175 1088 distinguitur
2207 1007 2283 1071 in
2316 1008 2776 1091 publicarum:
2795 1009 2952 1092 pri-

702 1097 965 1194 vatum,·
986 1113 1346 1196 publicum
1378 1113 1650 1194 passim
1683 1112 1966 1176 definiri
2017 1113 2225 1178 solet:
2271 1112 2678 1198 Complexus
2707 1115 2951 1200 legum,

704 1220 945 1302 quibus
1001 1221 1209 1284 totius
1264 1219 1615 1284 Ecclesiae
1671 1222 1948 1306 ejusque
2000 1227 2344 1287 rectorum
2386 1223 2565 1307 jura
2627 1228 2690 1286 et
2721 1223 2955 1308 officia

686 1327 1296 1408 aeter-minantum·
1328 1329 1690 1411 privatum
1722 1345 1926 1390 vero:
1973 1325 2378 1413 Compleoeus
2431 1329 2674 1413 leyum,
2711 1331 2974 1412 quibus

701 1435 975 1518 singula
1001 1435 1349 1499 societatis
1396 1434 1818 1499 christianae
1867 1437 2169 1500 membra
2208 1437 2607 1522 diriyuntur
2639 1436 2733 1499 ad
2750 1438 2956 1522 finem

702 1543 1221 1624 assequendum.
1251 1541 1624 1606 Publicum
1652 1541 2138 1607 subdividitur
2163 1542 2237 1607 in
2261 1545 2607 1608 internum
2631 1548 2703 1606 et
2735 1551 2953 1608 eoeter-

700 1669 887 1711 num:
918 1649 1265 1714 internum
1314 1652 1446 1712 est:
1486 1649 1678 1714 Illud
1725 1670 1854 1732 quo
1887 1650 2330 1716 constituitur
2377 1649 2731 1714 Ecclesiae
2778 1649 2953 1734 reqi-

701 1775 871 1842 men,
899 1763 961 1818 et
988 1755 1487 1822 determinatur
1500 1763 1812 1840 potestas
1838 1756 2300 1838 hierarchica,·
2327 1763 2685 1822 caeternum
2711 1759 2954 1821 autem

700 1861 1142 1926 nominatur:
1172 1863 1370 1929 Illud
1395 1884 1523 1947 quo
1548 1865 1920 1930 relationes
1951 1864 2304 1932 Ecclesiae
2330 1872 2393 1929 et
2417 1865 2765 1930 societatis
2790 1865 2954 1930 civi-

702 1969 795 2034 lis
830 1971 1256 2054 reyulantur.
2559 2033 2570 2046 ‚

881 2077 985 2140 25³
1080 2077 1385 2142 Ratione
1430 2078 1741 2164 oriyinis,
1782 2078 1858 2141 in
1893 2080 2225 2160 divinum,
2285 2080 2677 2161 humanum,
2735 2079 2954 2164 scrip·

708 2191 851 2248 tum
889 2187 954 2248 et
983 2205 1120 2250 non
1146 2185 1507 2268 scriptum:
1540 2185 1852 2250 divinum
1888 2185 2174 2250 dicitur:
2211 2187 2344 2252 Jus
2391 2187 2570 2270 quod
2603 2187 2688 2250 ab
2721 2185 2952 2250 Eccle-

702 2292 816 2356 sia
836 2293 1263 2376 proponitur
1298 2299 1647 2376 tamquam
1679 2315 1723 2358 a
1755 2295 1904 2358 Deo
1933 2294 2300 2376 traditum,-
2332 2294 2729 2360 humanum:
2757 2293 2958 2358 Illud

705 2399 886 2482 quod
917 2401 1257 2464 statuitur
1282 2401 1694 2466 auctoritate
1725 2400 2108 2482 Ecclesiae,·
2142 2402 2499 2486 scriptum.-
2531 2400 2727 2464 Illud
2777 2401 2956 2483 quod

704 2508 961 2574 directe
982 2508 1305 2593 procedit
1345 2528 1388 2572 a
1424 2508 1834 2593 le9islatore,
1871 2509 2183 2592 quamvis
2210 2529 2557 2593 nunquam
2581 2509 2958 2589 scribatur,-

704 2637 839 2681 non
873 2619 1231 2703 scriptum:
1252 2617 1449 2682 Illud
1478 2618 1657 2701 quod
1689 2619 1942 2683 directe
1975 2618 2286 2699 procedit
2317 2639 2360 2682 a
2375 2618 2638 2702 populo
2669 2624 2732 2681 et
2777 2616 2960 2680 indi-

703 2735 881 2789 recte
910 2745 951 2788 a
979 2726 1390 2810 leyislatore,
1408 2746 1823 2809 quamquam
1838 2732 2085 2810 postea
2109 2726 2444 2809 scriptum
2469 2725 2578 2789 sit.
2615 2723 2724 2787 Ad
2747 2740 2958 2806 prae-

706 2830 1097 2895 finiendam
1128 2832 1314 2914 juris
1372 2833 1621 2917 scripti
1656 2832 1778 2896 vel
1839 2854 1976 2897 non
2023 2832 2270 2916 scripti
2317 2836 2652 2895 naturam
2689 2830 2961 2912 duplex

706 2938 1075 3002 sententia
1110 2930 1303 3020 apud
1337 2939 1756 3003 canonistas
1821 2938 2155 3021 habetur,
2196 2936 2654 3001 attendentes
2705 2937 2827 3001 alii
2863 2938 2960 3001 ad

706 3048 1363 3129 promulgationem
1397 3047 1607 3128 legis„
1642 3047 1767 3110 alii
1797 3064 1972 3110 vero
2011 3046 2103 3107 ad
2132 3044 2482 3127 originem
2511 3046 2954 3127 spectantes3

708 3172 841 3218 nos
869 3154 1263 3217 secundam
1284 3154 1721 3217 sententiam
1753 3153 2278 3235 amplectentes
2300 3155 2578 3215 tantum
2605 3151 2960 3233 originem

709 3262 1165 3345 respicimus,
1192 3279 1279 3325 ac
1306 3261 1609 3344 proinde
1637 3261 2101 3325 traditionem
2129 3261 2233 3324 uti
2259 3260 2605 3352 scriptam
2634 3258 2956 3323 conside-

709 3387 983 3452 ramus»,
1015 3371 1393 3451 solamque
1424 3367 2018 3433 consuetudinem
2050 3368 2280 3432 veluti
2298 3367 2414 3448 jus
2437 3385 2585 3431 non
2610 3367 2962 3448 scriptum

708 3482 1067 3560 putamus,

886 3583 995 3650 3.st
1086 3585 1401 3649 Ratione
1436 3586 1875 3666 eoetensionis,
1912 3584 1985 3648 in
2020 3585 2495 3666 commune,'et
2518 3583 2960 3667 particulare

708 3712 837 3759 seu
870 3695 1109 3760 loc-ale:
1144 3712 1490 3758 commune
1525 3694 2010 3774 nuncupatur:
2049 3690 2246 3755 Illud
2298 3691 2477 3773 quod
2520 3690 2696 3773 reyit
2733 3710 2962 3755 omnes

714 3800 971 3869 Christi
994 3802 1254 3889 fideles,
1288 3800 1394 3865 vel
1421 3801 1812 3865 ‘universam
1837 3799 2241 3881 Ecclesiam,
2271 3798 2377 3862 vel
2403 3798 2633 3863 omnia
2659 3798 2962 3863 membra

708 3911 1013 3989 alicujus
1070 3910 1361 3991 ordinis,
1398 3930 1458 3973 v.
1490 3930 1551 3994 9.
1600 3907 1994 3983 monachos,·
2031 3906 2494 3991 particulare:
2531 3904 2728 3969 Illud
2783 3905 2964 3988 quod

710 4018 1045 4082 statuitur
1058 4037 1197 4101 pro
1230 4018 1474 4101 aliqua
1495 4023 1708 4101 parte
1743 4014 2106 4080 Societatis
2137 4012 2580 4077 christianae.

886 4120 995 4186 4.⁰
1086 4122 1393 4186 Ratione
1434 4128 1780 4206 temporis,
1818 4120 1892 4183 in
1935 4121 2314 4204 antiquum,
2354 4139 2600 4184 novum
2638 4120 2709 4182 et
2739 4120 2961 4183 novis-

715 4231 991 4295 simum.-
1028 4230 1391 4315 antiquum
1439 4230 1653 4312 juxta
1687 4229 2100 4312 plerosque,
2138 4226 2319 4291 illud
2357 4229 2467 4291 cst
2520 4225 2711 4308 quod
2763 4226 2966 4309 leges
