3332 5100
1322 319 1641 376 -17-

350 465 442 528 ab
480 462 685 527 initio
716 462 1092 527 Ecclesiae
1128 479 1352 544 usque
1410 462 1503 526 ad
1534 463 1906 527 saeculum
1939 463 2080 528 XII
2108 463 2342 528 editas
2383 464 2608 528 conti-

350 576 499 653 net;
538 591 789 636 novam
822 587 949 634 seu
996 571 1299 635 mediam
1356 569 1907 652 comprehendit
1961 571 2166 654 leges
2201 589 2245 635 a
2292 570 2607 636 Decreto

352 677 691 744 Gratiani
718 695 944 760 usque
970 676 1064 740 ad
1100 675 1499 742 Concilium
1526 677 2026 742 Tridentinum
2059 677 2390 745 conditas
2427 683 2499 744 et
2533 681 2610 745 in

350 785 556 849 libris
589 784 1084 850 Decretalium
1110 785 1448 867 insertas3
1480 787 1930 852 novissimam
1957 802 2276 851 canones
2303 785 2608 852 Concilii

353 892 760 957 Tridentini
794 893 1141 975 legesque
1176 895 1434 975 postea
1480 894 1803 959 sancitas
1837 894 2371 976 complectitur.

486 1001 711 1065 Juxta
733 999 779 1064 J
784 1000 1220 1064 ansenianos
1247 1001 1291 1065 J
1296 1019 1375 1065 us
1402 1003 1760 1086 antiquam
1782 1001 1874 1064 ab
1895 999 2192 1064 exordio
2227 999 2608 1065 Ecclesiae

353 1108 611 1190 incipit
638 1111 711 1172 et
744 1106 835 1171 ad
858 1106 1362 1172 collectionem
1386 1107 1868 1171 Isidorianam
1894 1111 2115 1189 (saec.
2159 1107 2292 1190 IX)
2318 1107 2603 1188 desinit3

352 1236 602 1281 novam
636 1231 861 1296 usque
894 1213 987 1277 ad
1023 1212 1420 1279 Concilium
1456 1214 1954 1279 Tridentinum
1989 1215 2352 1296 pervenit3
2382 1215 2607 1280 novis-

354 1323 605 1388 simam
640 1321 733 1385 ad
764 1338 895 1384 nos
922 1338 1173 1404 usque.
1212 1321 1420 1386 Hanc
1456 1321 1888 1386 divisionem
1951 1326 2206 1402 utpote
2241 1322 2506 1386 falsam
2538 1326 2610 1386 et

354 1429 733 1494 Ecclesiae
793 1425 1213 1492 Catholicae
1269 1429 1754 1511 Romanisque
1788 1416 2257 1493 Pontificibus
2312 1428 2606 1510 injurio·

354 1555 511 1602 sam
547 1535 941 1617 rejicimus
1572 1539 1577 1543 ’

549 1643 1021 1708 Recentiores
1048 1643 1475 1709 canonistae
1501 1644 1633 1708 sub
1663 1643 1956 1707 nomine
1987 1643 2173 1725 juris
2215 1643 2488 1728 antiqu-i
2514 1643 2614 1708 in-

354 1752 701 1834 telligunt
733 1751 935 1833 leges
970 1751 1061 1814 ab
1098 1749 1473 1816 Ecclesiae
1529 1751 1734 1814 initio
1800 1767 2030 1832 usque
2101 1750 2194 1814 ad
2253 1749 2609 1814 Tridenti-

354 1878 524 1924 nam
552 1857 921 1940 Synodum
946 1858 1169 1938 latas;
1202 1858 1332 1921 sub
1395 1857 1895 1940 appellatione
1921 1859 2080 1923 novi
2117 1857 2606 1939 complectun-

355 1972 474 2032 tur
503 1983 753 2031 omnes
774 1966 978 2048 leges
1008 1983 1052 2029 a
1070 1965 1496 2030 Tridentina
1523 1964 1814 2048 Synodo
1843 1983 2067 2048 usque
2089 1965 2182 2029 ad
2208 1965 2424 2030 finem
2451 1983 2606 2030 sae-

357 2074 502 2140 culi
571 2073 817 2138 XVIII
892 2073 1305 2154 evulgatas3
1363 2074 1814 2138 novissimam
1846 2089 2025 2137 vero
2089 2073 2284 2136 intra
2341 2072 2607 2137 limites

357 2181 638 2246 saeculi
672 2179 851 2244 XIX
888 2183 961 2244 et
996 2180 1309 2244 fortasse
1349 2180 1650 2245 ultimae
1729 2179 2052 2243 decadae
2082 2179 2328 2244 XVIII
2360 2197 2605 2243 coarc-

357 2291 540 2353 tant.
610 2285 973 2369 Quidquid
1022 2287 1123 2350 sit·
1150 2286 1237 2351 de
1270 2285 1409 2350 hac
1442 2286 1839 2369 partitione
1860 2288 2178 2372 practice
2212 2291 2286 2351 et
2309 2287 2603 2352 didacti-

356 2418 427 2461 ce
462 2399 822 2477 spectata,
862 2413 1007 2460 non
1044 2396 1164 2459 ita*
1185 2395 1395 2460 firma
1432 2399 1657 2477 atque
1692 2398 1896 2459 certa
1929 2395 2250 2460 historice
2286 2397 2359 2459 et
2389 2396 2603 2459 seien-

356 2507 535 2593 tifice
589 2503 799 2569 nobis
856 2502 1175 2585 videtur;
1234 2503 1361 2567 sed
1420 2521 1582 2569 cum
1632 2506 1837 2568 recta
1894 2507 2133 2569 mente
2191 2505 2263 2568 et
2322 2502 2605 2568 ratione

356 2612 716 2678 claritatis
750 2612 1169 2694 excogitata
1198 2612 1317 2695 sit,
1381 2612 1681 2676 cuilibet
1731 2612 1953 2677 liceat
2007 2630 2138 2696 pro
2195 2630 2324 2677 suo
2373 2612 2607 2677 lubitu

354 2721 558 2785 illam
592 2720 978 2785 admittere
1012 2719 1136 2784 vel
1175 2737 1549 2802 respuere.

536 2828 646 2891 21.
744 2826 1064 2893 Scientia
1100 2826 1470 2892 Canonica
1523 2827 1808 2892 definiri
1861 2829 2125 2910 potest:
2198 2828 2602 2911 Disciplina

356 2958 531 3021 quae
563 2936 711 3023 ayit
741 2936 823 3000 de
856 2932 1097 2999 Sacris
1136 2932 1543 3015 CanonibaS,
1578 2942 1654 2999 at
1689 2941 1912 2999 status
1944 2934 2226 2999 socialis
2251 2932 2603 2998 Ecclesiae

353 3044 603 3109 melius
636 3044 1163 3124 internoscatur,
1198 3050 1263 3107 et
1279 3044 1459 3129 jara
1490 3052 1696 3126 atque
1736 3044 1967 3131 officia
2029 3050 2174 3109 tam
2237 3043 2602 3127 mayistra·

357 3159 569 3233 taum,
606 3158 747 3215 tam
770 3152 1024 3235 populi
1051 3150 1417 3216 christiani
1440 3152 1699 3215 rectius
1727 3152 2167 3238 definiantur.
2195 3150 2282 3214 In
2310 3150 2603 3215 dubium

356 3259 698 3324 revocari
762 3259 1014 3340 nequit
1059 3257 1251 3321 hanc
1295 3238 1788 3339 'Disciplinam
1847 3275 1976 3323 seu
2033 3257 2430 3323 studiosam
2488 3273 2604 3321 ca·

355 3384 627 3431 nonum
658 3365 1301 3447 investigationem
1334 3365 1625 3429 nomine
1691 3386 1894 3431 verae
1949 3366 2279 3431 scientiae
2331 3382 2600 3430 nuncu·

355 3474 522 3556 pari
552 3490 791 3555 posse,
829 3472 1415 3556 quandoquidem
1470 3472 1850 3555 principiis
1887 3477 1957 3538 et
2017 3472 2601 3537 conclusionibus

356 3583 669 3663 constat,
704 3598 891 3664 quae
926 3581 1019 3645 ad
1053 3580 1437 3646 scientiam
1473 3581 1768 3663 proprie
1803 3580 2382 3645 constituendam
2419 3579 2600 3644 desi-

354 3689 729 3754 derantur:
768 3689 1131 3771 principia
1167 3693 1336 3753 sunt
1367 3688 1724 3755 veritates
1762 3690 2135 3752 naturales
2194 3693 2268 3752 et
2317 3688 2600 3752 revela-

353 3799 475 3861 tae
504 3796 761 3878 quibus
795 3813 1113 3861 canones
1143 3796 1573 3877 innituntur,
1612 3797 1686 3859 et
1719 3796 1847 3859 vix
1881 3798 2006 3859 aut
2030 3812 2120 3859 ne
2154 3795 2281 3859 vix
2308 3794 2598 3877 quidem

351 3904 727 3968 recenseri
763 3906 1059 3986 queant,
1099 3921 1262 3968 cum
1294 3903 1440 3967 sint
1474 3902 1630 3967 fere
1663 3903 2113 3983 innumerae3
2167 3902 2322 3983 jam
2379 3919 2596 3984 vero,

350 4030 449 4075 ex
474 4012 583 4074 tot
616 4016 909 4095 tamque
933 4011 1358 4075 firmissimis
1385 4010 1764 4093 principiis
1790 4028 1922 4092 per
1949 4009 2596 4074 ratiocinationem

352 4118 790 4183 derivantur
838 4117 1290 4182 certissimae
1324 4118 1852 4197 conclusioneS,
1923 4116 1999 4179 in
2063 4134 2202 4198 quo
2262 4116 2596 4199 equidem

355 4226 685 4309 genuina
722 4226 950 4291 omnis
979 4226 1331 4291 scientiae
1365 4227 1630 4289 natura
1658 4228 1733 4288 et
1761 4222 2078 4287 essentia
2109 4224 2251 4287 sita
2285 4228 2416 4287 est.

2460 4348 2492 4399 3
