3332 5100
2627 2 2633 4 “
2688 2 2695 6 ’
2777 2 3040 44 <ww
3042 4 3078 25 ‹1-

2735 33 2759 55 .·
2812 26 3095 57 *ss

2825 66 2836 73 ⁴
2860 56 2870 67 ⁸
2901 55 3021 89 ἱἈῘ-οῆἱ

1813 404 1875 413 -
1918 370 2037 429 274
2079 403 2154 414 -

799 542 813 558 ι
857 536 999 600 que
1028 533 1317 583 errores
1352 533 1397 580 a
1439 515 1619 581 viris
1678 514 1979 580 eruditis
2034 514 2110 578 in
2169 513 2486 579 Decreto
2545 512 2946 578 Burchardi
2982 512 3094 578 de-

855 628 1112 690 tectoS.

1033 729 1186 796 247.
1284 729 1400 794 An
1433 728 1628 813 apud
1689 728 2096 794 Ecclesiam
2148 726 2661 794 Germanicam
2709 727 3094 792 remotissi-

857 838 989 902 mis
1025 837 1470 920 temporibus
1506 834 1857 902 Collectio
1924 836 2172 918 aliqua
2233 853 2595 908 canonum
2631 835 2996 900 exstiterit
3030 839 3097 900 et

859 945 1144 1028 quando
1182 963 1270 1009 ac
1303 943 1658 1027 quomodo
1697 943 2011 1007 conflata
2044 943 2163 1025 sit,
2194 959 2312 1007 res
2365 943 2683 1008 nondum
2716 942 3097 1024 explorata

857 1058 989 1134 est3
1028 1051 1496 1133 conjecturae
1525 1050 1721 1115 haud
1770 1049 2344 1115 contemnendae
2373 1053 2687 1132 exstant,
2719 1051 2934 1131 Juxta
2968 1050 3095 1114 cri-

855 1160 1063 1240 ticos,
1102 1177 1233 1240 pro
1275 1158 1726 1223 admittenda
1785 1164 1956 1222 ante
2016 1151 2387 1221 saeculum
2434 1155 2608 1221 VIII
2644 1155 2929 1221 Codicis
2964 1158 3097 1237 pri-

859 1267 1098 1332 maevi
1132 1267 1549 1343 existentia,
1611 1266 1994 1329 sententiis
2034 1265 2355 1343 Patrum,
2402 1263 2928 1346 Episcoporum
2962 1272 3098 1328 sta-

857 1374 1052 1455 tutis,
1107 1373 1390 1455 legibus
1455 1372 1972 1437 conciliaribus
2044 1377 2117 1435 et
2173 1372 2571 1436 canonibus
2628 1371 3099 1436 orientalibus

861 1481 1365 1545 coalescentiS.

1034 1585 1187 1650 248.
1287 1584 1478 1649 Illud
1511 1587 1757 1648 tamen
1792 1589 2240 1666 compertum
2274 1604 2499 1667 penes
2543 1584 2863 1650 eruditos
2897 1603 3095 1657 cons—

857 1696 965 1758 tat
991 1691 1379 1756 nonnullas
1415 1688 1853 1755 Germaniae
1887 1690 2257 1756 Ecclesias
2282 1693 2619 1775 proprias
2655 1693 3094 1757 earumdem-

857 1908 1224 1989 habuisse,
1257 1906 1550 1987 etenim,
1590 1910 1807 1988 prout
1841 1907 2104 1970 asserit
2139 1907 2500 1989 d'Aeheri,
2537 1908 2612 1972 in
2660 1907 3095 1972 monasterio

859 2014 1237 2080 Corbiensi
1271 2013 1509 2077 adhuc
1543 2018 1971 2078 asservatur
2005 2015 2365 2096 quaedam
2424 2033 2785 2080 canonum
2840 2016 3096 2080 collec-

855 2122 955 2186 tio
993 2122 1188 2186 mere
1224 2122 1672 2204 germanica,
1715 2140 1758 2184 a
1792 2119 2057 2186 Sancto
2092 2122 2467 2189 Bonifacio
2516 2124 2724 2190 istius
2780 2124 3095 2206 regionis

857 2230 1206 2312 Apostolo
1244 2246 1435 2293 anno
1473 2228 1602 2292 745
1637 2229 2000 2293 confecta.
2991 2252 2997 2257 ·

1032 2336 1188 2410 249.
1286 2335 1592 2401 Saeculo
1626 2336 1735 2400 IX
1758 2337 1914 2418 jam
1947 2337 2250 2419 incipit·
2231 2356 2304 2403 m
2341 2336 2736 2403 Germania
2760 2338 3096 2421 periodus

857 2445 1202 2511 historica
1230 2447 1433 2508 certa
1460 2449 1683 2526 atque
1711 2444 2120 2508 indubitata
2156 2446 2675 2510 canonicarum
2736 2446 3096 2511 collectio-

857 2573 1050 2635 num;
1088 2554 1352 2618 scimus
1391 2553 1582 2617 enim
1615 2552 2067 2617 notissimum
2101 2549 2750 2636 Archiepiscopum
2806 2554 3095 2635 Mogun-

857 2663 1083 2727 tinum
1115 2660 1544 2725 Rhabanum
1580 2660 1911 2723 Maurum
1948 2660 2313 2742 duplicem
2386 2660 2698 2725 edidisse
2758 2662 3094 2745 compila-

857 2771 1149 2849 tionem3
1187 2769 1495 2831 alteram
1538 2767 1950 2832 nominavit
2007 2768 2293 2833 Librum
2346 2771 2942 2849 Poenitentialem,
2982 2770 3096 2851 qui

856 2874 1412 2957 praefationem,
1472 2873 1562 2938 40
1595 2874 1842 2955 capita
1884 2877 1955 2937 et
1989 2875 2354 2957 epilogum
2390 2876 2963 2958 comprehendit;
3001 2877 3094 2941 al-

857 2989 1087 3046 teram
1147 2982 1543 3067 Epistolam
1605 2983 2182 3047 Poenitentialem
2240 2983 2674 3078 appellavit,
2727 3000 2947 3064 quam
3011 2981 3097 3044 ad

855 3088 1328 3153 Heribaldum
1353 3088 1647 3169 scripsit
1682 3093 1754 3152 et
1789 3088 1859 3150 in
1896 3088 1984 3151 34
2016 3089 2263 3170 capita
2291 3076 2561 3156 divisit.

1029 3194 1182 3259 250.
1282 3192 1425 3258 Sub
1466 3194 1670 3258 initio
1723 3194 1792 3258 X
1846 3196 2123 3259 saeculi
2187 3196 2370 3280 (906)
2432 3197 2785 3280 Reginon,
2855 3214 3095 3262 mona-

857 3301 1031 3365 chus
1065 3300 1594 3381 benedictinus,
1631 3300 1881 3365 Abbas
1929 3303 2353 3367 monasterii
2386 3304 2799 3368 Prumensis
2845 3303 2924 3369 in
2956 3303 3094 3368 Du-

855 3415 1020 3471 catu
1081 3406 1729 3489 Luxemburgensi,
1791 3408 2120 3490 jubente,
2193 3413 2270 3475 ut
2357 3411 2582 3492 aliqui
2644 3412 3090 3490 existimant,

855 3513 1180 3579 Bathodo
1215 3521 1342 3579 aut
1370 3515 1745 3596 Radbodo,
1781 3514 2352 3599 Archiepiscopo
2418 3517 2791 3600 Augustae
2849 3518 3093 3584 Trevi-

855 3640 1124 3704 rorum,
1178 3639 1447 3686 novam
1502 3621 1576 3685 in
1635 3640 1843 3686 usum
1896 3621 2399 3688 Ecclesiarum
2461 3622 2902 3691 Germaniae
2957 3624 3091 3690 col-

857 3731 1246 3796 lectionem
1281 3730 1713 3812 composuit,
1752 3730 1867 3794 cui
1931 3731 2219 3795 titulum
2285 3730 2482 3796 dedit
2545 3734 2627 3799 de
2693 3734 3094 3818 Disciplina

851 3839 1348 3903 Ecclesiastica
1383 3842 1456 3901 et
1489 3838 1844 3923 Religione
1890 3836 2307 3904 Christiana.

1034 3947 1308 4012 Auctor
1342 3945 1638 4010 Martini
1673 3946 2087 4010 Dumiensis
2122 3946 2454 4029 vestigiis
2489 3947 2881 4014 inhaerens
2918 3965 3088 4031 opus

859 4053 1237 4135 evulgavit
1269 4054 1467 4117 mere
1526 4054 2059 4136 abbreviatum,
2098 4060 2319 4137 atque
2364 4056 2781 4137 posthabito
2845 4058 3087 4123 ordine

851 4163 1282 4240 temporum,
1353 4159 1767 4225 methodum
1837 4161 2318 4227 doctrinalem
2383 4169 2673 4228 secutus
2742 4171 2875 4247 est,
2942 4183 3089 4229 rem

855 4269 1081 4331 totam
1116 4267 1192 4331 in
1247 4266 1423 4333 duos
1490 4268 1716 4333 libros
1780 4268 2258 4353 distinguenS,
2320 4289 2626 4354 quorum
2682 4274 2957 4357 primus
3004 4271 3086 4336 de
