3332 5100
1554 263 1953 325 .-40-

677 417 838 493 tum,
873 408 1054 494 quod
1105 409 1296 495 apud
1350 408 1675 475 ecclesias
1741 405 2227 493 Apostolorum
2286 406 2508 494 fuerit
2552 426 2916 473 sacrosan·

677 525 856 583 ctum
881 517 1001 599 (1);
1037 515 1166 580 sed
1197 515 1593 597 praecipue
1628 515 1916 597 praxim
1950 515 2073 579 vel
2104 514 2318 579 fidem
2353 513 2731 579 Ecclesiae
2778 512 2914 577 Ro-

677 642 960 707 manae,
983 626 1062 689 ut
1081 623 1328 689 verbis
1343 628 1508 688 utar
1526 621 1598 689 S.
1621 622 1967 706 Martyris
1987 623 2329 706 Irenaefi,
2350 622 2472 706 qui
2494 624 2598 687 ita
2620 622 2918 689 strenue

675 731 1016 814 loquitur:
1053 731 1375 797 Maxime.
1408 738 1473 796 et
1503 731 2053 815 antiquissimae,
2082 734 2157 794 et
2183 732 2494 796 omnibus
2528 731 2835 816 coynitae
2869 750 2915 796 α-

673 838 1192 923 yloriossisimis
1252 838 1515 903 duobus
1547 836 1900 923 Apostolis
1932 838 2188 902 PETRO
2223 851 2318 901 ΕΤ
2352 838 2612 902 PAULO
2646 837 2917 901 ROMAE

671 944 1010 1031 fundatae
1043 952 1106 1011 et
1138 946 1549 1011 constitutae
1581 946 1925 1032 ecclesiae,
1956 964 2127 1027 eam,
2163 964 2368 1028 quam
2399 945 2599 1010 habet
2621 945 2707 1009 ab
2734 940 2916 1029 Apo-

677 1052 872 1117 stolis
903 1051 1446 1118 traditionem...

850 1157 1157 1225 Ratione
1179 1160 1533 1242 materiae,
1561 1158 1803 1225 divina
1829 1160 2140 1224 vocatur
2163 1157 2295 1223 illa
2321 1157 2711 1242 disciplina.
2739 1176 2914 1241 quae

679 1267 759 1331 de
782 1266 981 1331 rebus
1017 1267 1353 1332 divinitas
1386 1266 1734 1331 institutis
1759 1267 1932 1351 aqi&
1957 1265 2367 1347 hujusmodi
2425 1262 2917 1330 existimanda

679 1374 846 1436 sunt
911 1376 1176 1437 cuncta
1209 1372 1309 1436 ad
1351 1371 1950 1436 constitutionem
2011 1377 2085 1436 et
2140 1374 2468 1454 regimen
2524 1370 2917 1435 essentiale

677 1477 1076 1561 Ecclesiae,
1109 1477 1750 1543 Sacramentorum
1803 1480 2309 1562 substantiam,
2353 1478 2918 1544 sacrosanctum

679 1585 942 1651 Missae
997 1586 1470 1670 Sacrificium,
1511 1592 1734 1668 atque
1795 1587 2071 1651 cultum
2096 1586 2421 1652 divinum
2474 1585 2915 1670 spectantia,

679 1696 946 1778 aliique
981 1696 1188 1761 multi
1215 1713 1382 1759 usus
1409 1693 1731 1777 liturgici
1760 1698 1833 1758 et
1859 1699 2137 1758 statuta
2162 1692 2691 1775 ecclesiastica,
2732 1709 2920 1774 quae

677 1802 872 1869 vires
905 1803 1266 1869 humanae
1299 1803 1687 1885 potestatis
1744 1800 2139 1885 excedunt,
2180 1802 2286 1866 uti
2316 1800 2720 1885 baptismus
2754 1817 2919 1881 par-

677 1908 1037 1991 vulorum,
1074 1908 1288 1975 valor
1319 1907 1785 1991 baptismatis
1818 1908 1910 1971 ab
1978 1906 2372 1973 haereticis
2437 1908 2713 1989 collati,
2774 1910 2915 1971 etc.

679 2015 1049 2097 Ejusmodi
1075 2033 1343 2097 praxes
1379 2020 1452 2080 et
1483 2015 1839 2098 instituta,
1872 2033 2033 2080 cum
2068 2015 2458 2080 traditione
2484 2012 2916 2097 apostolica,

679 2123 818 2187 hoc
850 2125 961 2186 est
995 2122 1580 2204 promulgatione
1613 2122 1994 2206 praecepti
2028 2122 2260 2189 divini
2291 2124 2384 2187 ab
2409 2121 2780 2205 Apostolis
2815 2121 2921 2184 fa-

681 2234 824 2312 cta,
858 2247 947 2293 ac
981 2229 1241 2295 deinde
1275 2230 1473 2295 circa
1506 2248 1624 2295 res
1658 2236 2046 2297 versentur
2081 2248 2269 2313 quae
2305 2248 2351 2294 a
2387 2231 2767 2295 voluntate
2799 2229 2921 2294 ho-

679 2336 891 2401 minis
917 2336 1210 2402 minime
1236 2336 1630 2420 pendeant,
1662 2340 2020 2419 quatenus
2052 2337 2208 2418 eJus
2234 2340 2672 2419 potestatem
2700 2334 2933 2414 omni--

681 2460 773 2507 no
805 2447 1179 2527 superant,
1217 2443 1648 2527 disciplinae
1677 2443 1971 2510 divinae
1998 2448 2280 2509 tantum
2306 2445 2694 2510 tribuenda
2729 2448 2920 2526 sunt,

683 2568 769 2616 ac
797 2552 1106 2635 proinde
1139 2553 1612 2618 mutationem
1647 2553 1893 2618 subire
1925 2556 2318 2636 nequeunt.

851 2660 964 2725 40.
1062 2659 1384 2726 Traditio
1440 2659 1847 2744 apostolica
1900 2665 1973 2725 et
2030 2661 2341 2725 materia
2402 2660 2477 2725 in
2537 2678 2617 2725 se
2674 2658 2927 2725 divina

681 2784 966 2851 semper
1018 2766 1270 2832 habita
1332 2767 1538 2832 fuere
1602 2768 1835 2832 veluti
1898 2767 2307 2832 certissima
2364 2772 2437 2832 et
2505 2766 2926 2832 infallibilia

681 2875 1041 2958 principia
1073 2875 1330 2957 quibus
1376 2874 1543 2940 duci
1600 2875 1944 2940 debemus
1980 2874 2075 2940 ad
2128 2874 2654 2940 secernendam
2716 2874 2925 2940 disci-

681 2983 958 3066 plinam
989 2983 1311 3048 divinam
1345 2984 1437 3047 ab
1473 2983 1881 3065 apostolica
1929 2987 2003 3048 et
2062 2983 2589 3065 ecclesiastica3
2629 3002 2774 3049 non
2807 2984 2925 3049 de-

681 3092 883 3155 fuere
917 3095 1162 3156 tamen
1195 3091 1340 3173 qui,
1382 3090 1753 3156 criterium
1779 3091 2156 3173 peculiare
2180 3093 2491 3176 sequuti,
2526 3093 2928 3158 docuerunt

684 3197 1112 3280 disciplinae
1168 3197 1462 3263 divinae
1517 3213 1680 3262 esse
1737 3197 2226 3279 adjudicanda
2294 3200 2536 3264 omnia
2589 3216 2777 3283 quae
2834 3200 2926 3263 ab

681 3304 856 3386 ipsis
887 3303 1262 3369 Ecclesiae
1295 3303 1731 3369 incunabilis
1765 3305 2011 3370 statim
2064 3322 2196 3388 per
2260 3305 2655 3389 Apostolos
2714 3323 2926 3389 prae-

685 3414 984 3498 scripta,
1022 3414 1417 3480 observata
1451 3417 1523 3478 et
1553 3414 1839 3478 sancita
1872 3414 2233 3496 videmuS,
2266 3415 2544 3499 absque
2567 3415 2927 3480 solutione

685 3522 1208 3606 continuitatis,
1247 3527 1324 3586 ut
1356 3521 1462 3587 ita
1517 3521 1781 3604 dicam3
1850 3521 2283 3605 disciplinae
2340 3526 2585 3588 autem
2638 3528 2926 3606 aposto-

683 3632 872 3695 licae
904 3629 1027 3695 vel
1059 3629 1606 3696 ecclesiasticae
1670 3629 2156 3696 adscribenda
2212 3636 2478 3695 cuncta
2542 3631 2671 3695 illa
2733 3648 2923 3713 quae

683 3739 914 3803 serius
947 3739 1040 3804 ab
1073 3738 1441 3821 Apostolis
1479 3755 1682 3802 mora
1712 3738 2100 3818 interjecta
2127 3738 2249 3803 vel
2284 3740 2633 3820 temporis
2676 3739 2927 3804 decur-

685 3865 768 3912 su
801 3846 892 3910 ab
926 3845 1258 3912 Ecclesia
1293 3846 1628 3911 ordinata
1665 3854 1792 3910 aut
1825 3851 2125 3912 servata
2158 3846 2586 3929 reperimus,

860 3952 1432 4038 Hancregulam
1484 3952 1961 4035 rejiciendam
2015 3957 2375 4038 putamus,
2420 3956 2672 4037 utpote
2733 3969 2926 4018 erro-

826 4191 901 4257 (1)
973 4186 1096 4243 Lib.
1121 4185 1156 4241 1
1169 4185 1220 4244 V
1236 4191 1426 4243 contra
1450 4186 1721 4242 Marcion.
1748 4201 1867 4256 cap.
1894 4188 1927 4238 5
