3332 5100
1693 379 2048 440 —310-

749 545 932 592 vera
971 523 1141 607 sint,
1182 525 1441 590 iterum
1476 526 1919 589 affirmamus
1956 528 2172 606 atque
2207 522 2705 588 contendimus
2741 542 2987 588 recen-

748 634 915 699 tiori
949 634 1089 698 hac
1114 633 1461 698 historiae
1479 632 1844 714 juridicae
1873 636 2118 716 aetate
2147 632 2380 694 adhuc
2412 632 2813 696 desiderari
2845 634 2987 696 col-

747 740 1137 805 lectionem
1173 740 1473 823 proprie
1500 741 1954 826 codz'ficatam,
1996 738 2344 820 codicem,
2376 738 2436 802 si
2482 740 2586 802 ita
2637 740 2841 802 nobis
2890 740 2989 802 lo-

748 847 869 931 qui
902 848 1014 911 fas
1044 852 1178 930 est,
1212 847 1387 911 vere
1417 847 1919 911 canonizatum.

925 954 1235 1036 Etenim,
1276 954 1352 1018 ni
1385 954 1731 1034 fallimur,
1764 952 1978 1034 juxta
2012 954 2336 1016 nostrum
2360 952 2817 1034 concipiendi
2847 972 2989 1016 mo-

748 1059 937 1143 dum,
977 1061 1362 1147 codificatio
1398 1059 1518 1124 vel
1552 1060 1982 1124 canonizatio
2020 1059 2260 1140 legum
2296 1060 2438 1122 tria
2472 1060 2546 1122 in
2580 1078 2711 1122 sua
2762 1060 2989 1122 notio-

747 1185 838 1232 ne
874 1168 1219 1250 importat
1253 1184 1345 1232 ac
1379 1166 1915 1249 complectitur:
1978 1166 2438 1246 complexum
2496 1170 2989 1230 monumento-

748 1291 933 1356 rum,
972 1292 1384 1357 supremam
1421 1273 2022 1356 approbationem
2058 1280 2130 1336 et
2178 1272 2568 1352 juridicam
2627 1272 2991 1355 certitudi-

750 1398 944 1464 nem,
972 1399 1159 1466 quae
1195 1382 1436 1445 omnia
1470 1381 1731 1444 desunt
1767 1378 1842 1442 in
1900 1380 2530 1462 compilationibus
2590 1382 2993 1444 novissima

749 1487 1053 1572 periodo
1093 1489 1450 1553 canonica
1485 1487 1862 1551 confectis

927 1594 1014 1659 l‘n
1046 1595 1298 1678 primis
1326 1596 1542 1676 enim,
1578 1592 1914 1658 collectio
1966 1592 2348 1656 codificata
2374 1594 2448 1656 in
2484 1612 2703 1658 unum
2733 1612 2993 1676 conge-

748 1719 915 1767 rere
953 1702 1172 1767 debet
1206 1702 1608 1784 praecipua
1643 1700 1948 1781 alicujus
2006 1700 2268 1762 aetatis
2306 1706 2430 1762 aut
2464 1700 2787 1780 epochae
2847 1720 2995 1764 mo-

745 1811 1119 1888 numenta,
1161 1811 1321 1892 plus
1379 1809 1713 1873 minusve
1763 1809 2086 1889 copiosa,
2156 1808 2444 1888 integra
2490 1808 2610 1871 vel
2669 1810 2991 1890 concisa,

747 1916 1140 1981 doctrinali
1178 1925 1304 1980 aut
1341 1916 1857 1997 chronologica
1890 1914 2224 1978 methodo
2266 1914 2675 1994 distributa3
2733 1916 2995 1978 deinde

744 2041 1044 2088 necesse
1083 2032 1191 2089 est
1229 2025 1552 2089 codicem
1590 2024 2098 2088 canonizatum
2134 2040 2265 2104 pro
2316 2040 2394 2084 se
2450 2022 2723 2084 habere
2777 2024 2995 2104 legis·

743 2131 1000 2194 latoris
1066 2131 1552 2213 voluntatem,
1613 2147 1998 2212 supremae
2076 2128 2530 2190 auctoritatis
2610 2128 2991 2212 placitum,

743 2253 883 2303 uno
910 2238 1162 2318 verbu,
1220 2236 1678 2318 pontificiam
1726 2236 2202 2314 sanctionem;
2260 2234 2570 2314 denique
2633 2234 2994 2298 authenti·

743 2361 906 2408 cam
941 2343 1449 2409 collectionem
1487 2343 1919 2407 certitudine
1948 2342 2262 2422 juridica
2300 2342 2404 2404 ita
2452 2342 2797 2404 donatam
2833 2360 2995 2406 esse

743 2454 1056 2536 oportet,
1089 2458 1167 2517 ut
1200 2453 1562 2517 habeatur
1584 2456 1952 2535 tamquam
1982 2452 2488 2516 documentum
2522 2452 2893 2534 publicum
2923 2458 2997 2516 et

739 2562 981 2643 legale
1009 2561 1491 2643 veredictum,
1548 2562 1625 2627 vi
1659 2560 1944 2643 pollens
2008 2561 2406 2641 quamlibet
2464 2559 2997 2625 dubitationem

739 2669 1192 2751 removendi,
1225 2686 1655 2751 omnemque
1699 2669 2280 2732 controversiam
2346 2669 2729 2731 dirimendi
2793 2669 2997 2733 circa

745 2776 1353 2859 authenticitate-m,
1407 2778 1872 2863 inteyritatem
1907 2783 2124 2859 atque
2186 2787 2813 2843 monumentorum
2841 2781 2993 2845 uni-

741 2884 1230 2950 venalitatem.

917 2990 1125 3057 Nunc
1157 3014 1363 3078 vero,
1398 2996 1460 3060 si
1493 2996 1880 3060 hodiedum
1950 2997 2452 3079 quodcumque
2504 2997 2793 3063 dubium
2855 3001 2995 3065 ori-¹

741 3102 941 3165 retur
972 3103 1092 3167 vel
1129 3103 1377 3186 aliqua
1411 3106 1741 3186 quaestio
1774 3105 2186 3187 agitaretur
2222 3107 2296 3169 in
2354 3109 2853 3171 ecclesiastico
2891 3109 2995 3173 fo-

740 3226 848 3291 re,
901 3210 1209 3292 publicis
1247 3214 1917 3278 concertationibus
1979 3221 2104 3277 aut
2162 3215 2390 3297 lyceis
2458 3217 2837 3281 catholicis
2905 3217 2995 3283 de

740 3321 1212 3404 genuinitate,
1244 3325 1581 3406 veritate,
1615 3341 1835 3388 sensu
1876 3333 2094 3407 atque
2126 3327 2548 3389 extensione
2576 3345 2993 3393 monumen-

739 3433 977 3491 torum
1016 3444 1103 3492 ac
1135 3428 1402 3512 legum,
1443 3449 1629 3513 quae
1665 3431 1807 3495 hac
1868 3439 2240 3514 postrema
2306 3437 2550 3497 aetate
2615 3435 2687 3497 in
2751 3435 2993 3499 lucem

739 3536 1107 3620 publicam
1140 3537 1503 3621 prodiere,
1534 3539 1766 3605 codex
1803 3541 2260 3605 authenticus
2326 3547 2398 3605 et
2456 3543 2993 3625 irrefragabilis

738 3643 1030 3707 minime
1057 3644 1365 3727 allegari
1399 3651 1645 3729 posset
1681 3666 1811 3731 pro
1848 3665 1928 3711 re
1988 3649 2456 3713 dilucidanda
2490 3651 2612 3713 vel
2649 3651 2993 3715 definien-

741 3750 856 3833 da,
887 3751 1015 3815 sed
1049 3752 1206 3817 sive
1241 3752 1334 3816 ad
1366 3751 1699 3818 Schrinia
1724 3754 1926 3819 Sedis
1966 3757 2462 3839 Apostolicae,
2498 3759 2619 3821 ubi
2649 3765 2991 3841 autogra-

740 3857 886 3940 pha
905 3864 1321 3943 servantur,
1355 3861 1512 3926 sive
1547 3861 1640 3926 ad
1674 3862 2072 3927 Romanum
2096 3865 2544 3949 Pontificem,
2572 3883 2993 3947 supremum

736 3964 1266 4046 Legislatorem
1301 3972 1372 4033 et
1406 3971 1635 4034 omnis
1663 3971 1849 4051 J‘uris
1881 3972 2180 4055 fontem,
2222 3975 2380 4037 sive
2450 3975 2542 4037 ad
2598 3973 2993 4041 Sacrarum

741 4068 1401 4155 Congregationum
1435 4077 1838 4143 decisiones
1873 4081 2280 4161 authentice,
2320 4083 2458 4147 hoc
2486 4087 2619 4165 est,
2667 4081 2991 4151 Consulto

736 4178 962 4264 Papa,
1002 4181 1257 4265 editas,
1295 4186 1713 4251 necessario
1750 4188 2316 4269 confugiendum
2354 4193 2514 4255 erit.

915 4286 1069 4352 285.
1168 4288 1562 4374 Gregorius
1596 4295 1776 4360 XIII
1810 4297 2198 4363 meditatus
2228 4305 2336 4365 est
2360 4301 2635 4383 primus
2669 4303 2991 4371 omnium
