3332 5100
1653 309 2012 372 -122-

710 462 941 546 operis
966 459 1429 539 nuntiatione;
1456 460 1719 522 exorta
1782 455 2139 541 siquidem
2188 457 2699 521 controversia
2762 455 2956 519 inter

712 569 890 632 duas
924 563 1291 630 Ecclesiae
1325 563 1706 628 Dioecesis
1740 563 2135 630 Patarivae
2187 563 2275 627 ob
2329 564 2663 645 capellae
2721 563 2954 643 cujns-

713 674 877 737 dam
911 670 1377 753 Baptismalis
1403 670 2013 753 aedificationem,
2045 688 2163 735 res
2193 671 2285 733 ad
2315 671 2754 751 Episcopum
2780 675 2956 731 tam-

712 797 929 861 quam
954 777 1273 858 jndicem
1308 776 1724 859 delegatum
1759 776 2004 841 delata
2039 777 2201 851 fuit;
2241 777 2369 841 sed
2427 795 2587 839 cum
2621 777 2738 839 hic
2776 775 2956 837 nihil

711 884 1076 950 inveniret
1100 884 1239 947 hac
1272 901 1490 965 super
1522 902 1602 947 re
1637 883 1713 945 in
1760 882 1804 946 J
1811 901 1935 947 ure
1983 867 2349 948 Canonico
2387 883 2782 963 definitum,
2820 881 2954 945 Lu-

617 980 626 986 ’
715 975 902 1055 cium
926 991 1204 1073 Papam
1228 990 1337 1055 111
1371 990 1760 1072 consuluit,
1795 991 1917 1073 qui
1967 1007 2098 1073 per
2153 993 2589 1073 rescriptum
2649 1007 2952 1073 praece-

713 1098 820 1181 pit
849 1098 1052 1162 litem
1079 1098 1293 1179 juxta
1325 1098 1370 1162 J
1378 1098 1522 1162 uris
1563 1097 1800 1163 civilis
1838 1098 2167 1162 tramites
2207 1099 2709 1163 dirimendam.

874 1204 1259 1285 Rescripta
1290 1205 1490 1269 Facti
1548 1204 2014 1268 nominantur
2077 1203 2287 1287 “quae
2339 1207 2639 1289 praevia
2697 1207 2960 1289 suppli-

714 1312 979 1376 catione
1016 1311 1273 1376 dantur
1335 1327 1465 1392 per
1492 1309 1819 1374 Summos
1854 1309 2241 1375 Pontifices
2277 1331 2407 1393 pro
2441 1313 2962 1375 administran-

711 1417 807 1484 da
834 1417 1117 1510 Justitia
1150 1416 1269 1482 vel
1303 1416 1543 1498 gratia
1574 1416 2130 1502 impertienda;„
2191 1419 2375 1483 haec
2431 1421 2707 1499 passim
2778 1419 2962 1483 divi-

717 1524 981 1588 duntur
1013 1523 1089 1587 in
1119 1524 1479 1605 rescripta
1504 1524 1860 1605 Justitiae,
1894 1523 2203 1607 Gratiae,
2243 1531 2313 1587 et
2363 1527 2623 1609 Mamm,-
2651 1527 2966 1607 rescrip-

717 1634 793 1695 ta
823 1631 1154 1695 Justitiae
1188 1630 1522 1694 dicuntur
1560 1628 1788 1712 “quae
1826 1629 2091 1695 dantur
2149 1633 2241 1695 ad
2293 1633 2830 1713 delegationem
2894 1637 2966 1695 et

719 1736 1160 1801 decisionem
1196 1753 1651 1820 causarum3„
1715 1738 2078 1819 rescripta
2135 1739 2427 1803 Gratiae
2495 1741 2968 1821 appellantur

723 1842 951 1925 “quae
978 1859 1070 1906 ex
1102 1843 1549 1905 liberalitate
1583 1841 1940 1923 Principis
1969 1849 2093 1906 aut
2127 1843 2495 1909 Pontificis
2533 1845 2844 1909 eduntur
2874 1845 2966 1909 ad

718 1949 1172 2029 beneficium,
1211 1948 1676 2029 privilegium
1703 1954 1829 2012 aut
1881 1951 2281 2031 quamlibet
2337 1953 2651 2033 gratiam
2709 1969 2964 2015 conce-

721 2056 1099 2139 dendam3„
1137 2056 1366 2119 Mixto
1401 2062 1909 2137 nuncupantur
1950 2055 2177 2139 “quae
2235 2059 2447 2121 simul
2513 2059 2964 2139 participant

722 2163 811 2227 de
866 2163 1107 2243 gratia
1160 2170 1235 2226 et
1274 2162 1584 2244 justitia,
1654 2163 1884 2230 veluti
1943 2165 2317 2233 concessio
2375 2167 2836 2231 restitutionis
2888 2167 2964 2229 in

720 2270 1103 2354 inteqrum„
1145 2270 1267 2350 (l).
1940 2350 1945 2356 ψ

854 2376 1183 2459 Utraque
1217 2379 1599 2460 rescripta,
1650 2379 1934 2443 scilicet
1983 2381 2253 2464 gratiae
2283 2385 2353 2445 et
2371 2381 2703 2467 justitiae
2742 2397 2962 2461 expe-

723 2484 861 2549 diri
885 2491 1187 2567 possunt
1220 2484 1295 2548 in
1329 2486 1563 2550 forma
1596 2487 1910 2571 qratiosa
1942 2486 2066 2552 vel
2101 2489 2567 2570 commisoria;
2600 2489 2673 2550 in
2726 2487 2962 2550 forma

719 2593 1057 2683 qratiam,
1089 2610 1249 2657 cum
1284 2593 1645 2657 Romanus
1681 2593 2020 2657 Pontifex
2055 2611 2187 2676 per
2237 2614 2313 2658 se
2363 2598 2599 2676 ipsum
2649 2596 2966 2676 gratiam

716 2703 1158 2784 impertitur;
1196 2703 1269 2766 in
1323 2703 1559 2767 forma
1613 2706 2108 2787 commis-soria,
2169 2722 2329 2768 cum
2383 2704 2601 2766 alicui
2659 2704 2966 2766 faculta-

723 2816 872 2875 tem
906 2813 1156 2876 tribuit
1181 2812 1274 2876 ad
1307 2813 1648 2894 rescripti
1676 2814 2203 2878 executionem.

859 2918 1011 2983 104.
1111 2918 1323 2984 Circa
1350 2921 1499 2984 vim
1533 2925 1604 2984 et
1639 2939 1843 2984 usum
1876 2921 2395 3003 rescriptorum
2443 2938 2689 2986 omnes
2752 2938 2964 2982 cano-

725 3025 960 3090 nistae
1017 3027 1476 3091 consentiunt
1525 3029 1885 3110 rescripta
1928 3029 2107 3114 facti
2151 3028 2651 3092 tantummodo
2713 3028 2966 3092 valere

728 3141 946 3217 atque
963 3135 1081 3216 jus
1116 3135 1362 3198 facere
1396 3136 1471 3198 in
1527 3136 1613 3199 iis
1665 3137 1902 3200 causis
1960 3142 2032 3200 et
2081 3138 2439 3219 personis,
2507 3154 2635 3218 pro
2707 3136 2966 3216 quibus

728 3241 924 3306 edita
958 3247 1147 3322 sunt;
1182 3241 1310 3304 sed
1347 3242 1561 3306 valde
1596 3242 2018 3324 discrepant
2078 3245 2265 3306 inter
2315 3260 2417 3326 se,
2481 3260 2643 3306 cum
2709 3242 2796 3306 de
2858 3258 2966 3304 re-

728 3348 1020 3430 scriptis
1052 3351 1236 3430 juris
1266 3365 1501 3412 sermo
1538 3352 1672 3413 est.
2017 3428 2020 3432 ⁴

861 3456 1009 3520 Alii
1042 3461 1377 3521 asserunt
1410 3457 1765 3540 ejusmodi
1799 3457 2159 3540 rescripta
2193 3458 2341 3522 vim
2375 3458 2559 3538 legis
2599 3456 2968 3538 generalis

728 3583 862 3649 pro
891 3566 1178 3630 casibus
1236 3566 1589 3630 similibus
1647 3567 1944 3649 habere,
2005 3566 2289 3631 etiamsi
2323 3582 2457 3628 nec
2529 3565 2972 3628 auctoritate

728 3674 1025 3757 publica
1058 3674 1134 3737 in
1172 3671 1509 3739 Codicem
1543 3674 1780 3738 relata
1844 3675 2012 3757 sint,
2072 3691 2207 3738 nec
2267 3672 2465 3736 aliud
2521 3674 2968 3752 contineant,

732 3799 825 3846 ex
858 3800 998 3865 quo
1028 3787 1477 3864 compertum
1517 3782 1611 3846 sit
1643 3780 2066 3847 Pontificem
2100 3782 2421 3846 voluisse
2479 3780 2717 3860 legem
2758 3796 2972 3860 gene-

730 3891 961 3954 ralem
998 3890 1336 3955 condere:
1375 3909 1506 3973 pro
1543 3909 1674 3955 sua
1730 3892 2094 3955 sententia
2146 3890 2473 3970 allegant
2531 3906 2695 3968 cap.
2752 3886 2832 3950 19
2892 3888 2974 3950 de

720 4007 900 4065 sem.
937 4007 1000 4064 et
1032 4020 1106 4064 re
1158 4000 1327 4082 jud„
1364 4000 1440 4064 in
1464 4019 1603 4083 quo
1638 3989 2106 4064 Innocentius
2138 3998 2245 4060 III
2281 3998 2557 4084 statuit:
2631 3996 2754 4058 “In
2808 4014 2974 4058 cau-

842 4201 923 4268 (1)
1000 4198 1083 4250 De
1107 4197 1200 4251 his
1226 4173 1515 4263 rescriptis
1541 4213 1696 4251 cons,
1725 4162 1976 4249 Fer-raris
2005 4193 2181 4250 verbo
2209 4192 2505 4246 Restitutio
2537 4198 2707 4260 atque
2750 4190 2976 4256 Hugue-

734 4268 855 4336 nin,
900 4267 1063 4324 Notio
1089 4267 1491 4338 appellationis,
1524 4269 1622 4323 nb.
1648 4268 1723 4334 11,
1741 4270 1827 4321 tit.
1852 4268 1926 4335 ΙΙ,
1950 4283 2069 4334 cap.
2096 4267 2193 4334 iv,
2223 4272 2323 4318 art.
2353 4267 2395 4320 1.
