3332 5100
1221 385 1575 445 -287-

285 531 449 614 tica,
487 531 579 596 ab
611 529 788 614 ipsis
824 530 1043 595 etiam
1078 513 1398 614 exclusa,
1426 531 1546 613 jus
1589 548 1968 596 commune
2000 530 2288 610 fecisse;
2330 528 2515 610 ejus-

282 638 471 702 modi
505 637 748 721 opinio
782 636 1002 702 valde
1052 636 1443 719 singularis
1500 637 1592 701 ad
1624 655 1780 702 rem
1838 642 2176 718 spectare
2232 656 2378 702 non
2414 636 2515 701 vi-

286 745 515 826 detur,
557 743 911 828 siquidem
947 743 1279 827 quaestio
1313 762 1458 809 non
1508 748 1618 810 est
1677 744 1764 809 de
1798 744 2226 826 inquirendo
2262 746 2519 808 valore

279 834 587 934 juridico
659 851 1093 934 aliquorum,
1164 851 1288 916 vel
1357 852 1672 935 plurium
1738 870 2098 916 canonum
2156 854 2230 914 in
2298 868 2519 932 opere

287 957 617 1024 Gratiani
652 959 1066 1039 allatorum,
1105 958 1234 1023 sed
1267 962 1422 1023 tota
1477 960 1982 1024 controversia
2038 960 2236 1022 circa
2272 960 2516 1042 explo-

284 1065 586 1130 randam
614 1064 1160 1148 finiendamque-
1187 1066 1335 1130 vim
1370 1065 1687 1148 legalem
1742 1066 2006 1146 integri
2056 1066 2322 1130 codicis
2356 1084 2519 1146 gra-

286 1173 535 1254 tianei,
576 1176 794 1254 prout
829 1172 998 1236 talis
1032 1172 1366 1236 collectio
1406 1176 1520 1236 est
1554 1176 1626 1236 et
1658 1174 2074 1236 authentice
2112 1172 2523 1236 adhibenda

287 1282 406 1348 vel
438 1280 926 1363 expungenda
963 1299 1006 1344 a
1031 1280 1333 1361 judiciis
1370 1288 1443 1345 et
1477 1280 1896 1345 academiis,

462 1386 924 1470 Quapropter
975 1376 1340 1452 s'ecundae
1393 1389 1802 1452 sententiae
1838 1390 2026 1452 ultro
2086 1388 2523 1450 assentimur

287 1495 698 1559 testimonio
756 1494 1133 1559 Benedicti
1180 1495 1352 1559 XIV
1410 1496 1665 1577 innixi,
1728 1496 1848 1578 qui
1882 1496 1970 1560 de
2024 1514 2104 1558 re
2170 1494 2523 1558 canonica

284 1603 658 1685 sapienter
696 1607 767 1665 et
799 1602 1092 1684 copiose
1128 1603 1446 1685 scripsit,
1506 1604 1860 1685 perennia
1894 1608 2112 1684 atque
2146 1602 2525 1664 innumera

284 1708 394 1772 sui
432 1707 800 1790 praeclari
833 1708 1104 1789 ingenii
1153 1714 1620 1772 monumenta
1675 1710 1880 1772 nobis
1938 1710 2382 1790 relinquens3
2434 1725 2525 1770 en

284 1814 577 1896 quidem
609 1815 1106 1897 peremptoria
1133 1816 1388 1896 verba,
1426 1815 1684 1898 quibus
1712 1816 1828 1878 hic
1858 1816 2312 1878 doctissimus
2348 1814 2525 1876 Pon-

281 1923 466 1985 tifex
501 1925 962 2003 praesentem
1030 1924 1610 1987 controversiam
1645 1923 1986 1986 absolvit:
2028 1922 2356 1988 Gratiani
2390 1924 2527 1986 De-

285 2037 569 2106 cretum,
612 2031 1054 2112 quautumvis
1077 2032 1352 2114 pluries
1400 2032 1870 2097 Romanorum
1920 2032 2324 2116 Pontificum
2358 2052 2527 2094 cura

285 2137 720 2203 emendatum
750 2138 974 2222 fuisse
1023 2161 1160 2204 non
1191 2140 1562 2224 iquoretur,
1612 2141 1752 2204 vim
1788 2148 1848 2204 et
1870 2142 2148 2224 pondus
2184 2142 2352 2226 legis
2394 2162 2529 2204 non

283 2245 510 2326 habet;
548 2246 874 2327 quinimo
913 2247 1094 2310 inter
1134 2268 1362 2312 omnes
1387 2255 1734 2331 receptum
1770 2256 1884 2328 est,
1914 2248 2252 2330 quidqu-id
2278 2250 2352 2310 in
2376 2250 2527 2330 ipso

285 2351 694 2432 continetur,
732 2358 998 2416 tantum
1031 2354 1472 2419 auctoritatis
1519 2355 1784 2436 habere,
1824 2363 2152 2438 quantum
2190 2376 2274 2418 em
2306 2376 2374 2417 se
2410 2356 2527 2418 ha-

283 2459 543 2524 buisset
565 2506 585 2540 ,
656 2459 719 2523 si
781 2480 1135 2542 nunqua-m
1196 2462 1271 2525 in
1338 2461 1669 2527 Gratiani
1744 2464 2132 2526 collectione
2196 2446 2529 2526 insertum

277 2567 467 2651 foret
494 2566 614 2647 (1).
1028 2636 1034 2644 ,
2565 2635 2571 2641 .

465 2671 616 2736 257.
719 2671 1206 2739 collectiones
1257 2674 1984 2758 Ante-Gregorianae
2020 2681 2529 2759 nuncupantur

283 2796 476 2860 quae
508 2799 552 2842 a
586 2780 902 2844 Decreto
938 2780 1273 2847 Gratiani
1332 2783 1424 2847 ad
1480 2784 2068 2866 compilationem
2132 2803 2355 2865 usque
2390 2785 2529 2847 De-

281 2888 668 2952 cretalium
730 2887 1069 2970 Gregorii
1123 2890 1229 2954 IX
1282 2891 1724 2973 prodierunt.
1764 2893 1826 2955 A
1886 2893 2026 2955 fine
2082 2893 2356 2955 saeculi
2388 2893 2531 2955 XII

283 2994 518 3076 (1190)
575 3013 804 3077 usque
861 2995 954 3059 ad
1015 2996 1294 3060 initium
1330 2998 1606 3061 saeculi
1662 2997 1840 3061 XIII
1876 2997 2102 3079 (1230)
2164 3015 2300 3079 quo
2340 3017 2527 3059 anno

283 3100 687 3183 Gregorius
721 3102 826 3167 IX
859 3121 1064 3167 suam
1098 3104 1323 3168 edidit
1359 3105 1892 3187 collectionem,
1928 3107 2242 3187 quinque
2272 3105 2531 3167 saltem

285 3210 732 3274 celebriores
789 3209 1290 3275 Decretalium
1348 3212 1820 3277 collectiones
1882 3213 2238 3277 conflatae
2296 3213 2527 3291 fuere,

286 3335 483 3399 quae
506 3319 778 3399 Prima,
813 3317 1151 3400 Secunda,
1215 3319 1470 3402 Tertia,
1535 3319 1802 3397 Quarta-
1856 3327 1928 3385 et
1972 3321 2224 3397 Quinta
2282 3321 2531 3383 inscri-

284 3425 556 3489 buntur
592 3430 665 3488 et
698 3424 913 3489 hodie
950 3427 1372 3510 antiquatae
1404 3433 1593 3491 sunt.

315 3537 326 3546 '
466 3529 830 3611 Evulgato
862 3531 1112 3596 codice
1137 3534 1521 3615 gratianeo
1549 3539 1620 3598 et
1646 3541 2034 3615 segregata
2064 3535 2356 3597 saeculo
2390 3535 2533 3597 XII

285 3637 688 3720 Theologia
730 3656 772 3702 a
808 3639 1043 3704 studio
1078 3640 1122 3705 J
1129 3641 1300 3722 uriS,
1364 3643 1822 3706 occasionem
1864 3645 2198 3723 praebuit
2232 3643 2362 3705 has
2412 3661 2531 3705 no-

284 3764 426 3809 vas
461 3746 1012 3828 compilationes
1042 3747 1471 3811 conficiendi
1499 3747 1770 3829 duplex
1800 3749 2250 3829 potissimum
2280 3765 2527 3813 causa:

287 3853 679 3918 associatio
719 3859 790 3918 et
825 3854 1222 3918 communis
1257 3854 1704 3936 conspiratio
1762 3859 1912 3919 tam
1970 3855 2531 3937 canonistarum,

287 3980 511 4043 quam
547 3963 1025 4028 civilistarum
1061 3980 1192 4045 pro
1229 3962 1694 4026 instituendis
1732 3963 2128 4027 academiis
2162 3963 2236 4025 in
2270 3963 2533 4043 quibus

290 4072 676 4152 utrumque
699 4072 818 4152 jus
845 4069 1285 4151 traderetur3
1326 4069 1734 4151 designatio
1772 4071 1894 4135 vel
1944 4069 2202 4133 electio
2238 4071 2535 4151 analogi

441 4307 516 4373 (1)
587 4302 676 4357 De
705 4302 843 4372 Syn.
870 4301 1054 4357 Dioec.
1083 4302 1175 4357 lib.
1200 4305 1308 4357 VII
1332 4318 1448 4370 cap.
1480 4306 1563 4369 15,
1587 4318 1734 4355 uum.
1764 4307 1810 4353 6.
1898 4341 1902 4349 .
