3332 5100
1769 340 2084 397 ...82-

805 485 945 570 que
977 483 1270 550 similia:
1312 481 1664 564 ejusmodi
1720 483 1921 565 leges
1957 483 2000 548 J
2005 482 2398 546 udaeorum
2461 482 2538 546 in
2593 499 2858 565 corpus
2920 482 2963 547 J
2969 501 3034 547 ua

808 591 911 657 ris
950 588 1297 657 Canonici
1330 593 1700 673 receptae,
1739 589 1816 654 vi
1881 606 2080 654 mere
2135 588 2640 654 ecclesiastica
2701 589 3034 672 gaudent,

807 699 1075 765 etenim
1108 716 1254 763 non
1317 704 1686 780 tamquam
1725 698 1926 779 leges
1962 696 2279 778 divinae,
2335 696 2466 762 sed
2521 701 2894 780 tamquam
2945 698 3034 762 le-

804 824 935 890 ges
982 805 1531 871 ecclesiasticae
1603 804 1986 870 habendae
2020 807 2212 885 sunt,
2281 806 2358 868 ut
2419 803 2691 886 optime
2753 803 3040 885 scripsit

802 912 1158 978 Zallwein
1201 912 1323 994 (1):
1367 910 1639 994 “Leges
1676 913 1862 976 istae
1893 928 2040 975 non
2073 911 2344 976 habent
2381 911 2533 976 vim
2566 910 2938 992 obligandi
2969 911 3038 976 vi

802 1019 1279 1086 institutionis
1316 1018 1635 1101 divinae,
1678 1036 1866 1102 quae
1903 1019 2249 1100 cessavit,
2287 1017 2416 1084 sed
2447 1019 2525 1082 vi
2585 1018 3036 1084 auctoritatis

802 1127 1182 1194 Ecclesiae
1214 1143 1339 1191 eas
1373 1126 1605 1192 libere
1638 1124 2128 1209 adoptantis“;
2159 1143 2248 1190 ac
2282 1124 2588 1208 proinde
2613 1129 3037 1208 argumenta

804 1252 899 1300 ex
931 1234 1087 1314 hac,
1118 1239 1329 1317 parte
1363 1235 1798 1298 canonizata
1834 1233 2216 1317 desumpta
2253 1234 2536 1297 tantum
2567 1233 2912 1315 ponderis
2970 1232 3040 1296 in

806 1357 887 1406 se
923 1342 1324 1424 continent,
1365 1345 1713 1424 quantum
1747 1340 2002 1406 valent
2039 1356 2538 1422 quaecumque
2593 1340 2784 1404 aliae
2847 1341 3038 1420 leges

805 1449 1383 1531 ecclesiasticae,
1420 1453 1643 1531 atque
1677 1449 1974 1530 insuper
2001 1447 2332 1513 Ecclesia
2357 1449 2598 1529 potest
2629 1446 2925 1512 easdem
2949 1446 3038 1510 le-

802 1573 933 1641 ges
977 1555 1053 1621 in
1085 1572 1291 1622 suum
1326 1553 1665 1620 Codicem
1691 1555 1966 1620 relatas
1993 1555 2114 1620 vel
2139 1554 2504 1636 relaxare,
2535 1554 2657 1621 vel
2681 1556 2903 1620 etiam
2929 1571 3038 1638 pe-

806 1664 1002 1730 nitus
1038 1663 1422 1745 abrogare.

979 1769 1159 1834 Pars
1189 1778 1478 1852 mortua,
1516 1787 1605 1834 ea
1629 1769 1914 1835 scilicet
1939 1787 2156 1852 quam
2180 1770 2514 1836 Ecclesia
2538 1788 2774 1853 neque
2801 1789 3040 1854 repro-

800 1877 1030 1956 bavit,
1073 1895 1307 1960 neque
1342 1876 1647 1959 recepit,
1683 1876 1884 1940 nulla
1921 1877 2358 1943 auctoritate
2392 1878 2466 1941 in
2489 1877 2534 1942 J
2540 1896 2667 1942 ure
2693 1879 3040 1944 canonico

803 1984 1057 2068 pollet,
1094 2001 1231 2050 nec
1266 1984 1540 2064 divina,
1594 2002 1733 2049 nec
1771 1985 2300 2068 ecclesiastica,
2370 1989 2693 2050 attamen
2748 1991 3043 2070 propter

804 2092 1219 2174 analogiam
1260 2092 1631 2175 utriusque
1663 2092 2035 2174 Foederis,
2075 2110 2236 2158 cum
2271 2093 2578 2157 alterum
2631 2093 3040 2158 Testamen-

802 2202 953 2264 tum
986 2200 1284 2264 alterius
1329 2200 1582 2265 umbra
1639 2205 1714 2264 et
1769 2201 2234 2266 simulacrum
2268 2203 2511 2284 fuerit,
2579 2203 3043 2286 suppeditare

802 2308 1070 2389 poterit
1103 2314 1531 2389 argumenta
1566 2330 1610 2372 a
1631 2309 1805 2392 pari
1841 2308 1961 2372 vel
1997 2309 2216 2373 etiam
2249 2332 2289 2374 a
2341 2311 2627 2396 fortiori
2681 2309 2774 2374 ad
2823 2309 3042 2374 multa

802 2414 1347 2480 ecclesiasticae
1375 2414 1998 2497 jurisprudentiae
2035 2417 2279 2498 capita
2301 2416 2763 2502 illustranda,
2795 2421 2871 2482 et
2907 2435 3040 2480 am·

800 2521 991 2605 plius
1030 2521 1551 2605 confirmanda,
1588 2523 2023 2606 praesertim
2059 2524 2449 2590 collatione
2495 2524 2831 2591 instituta
2862 2525 3043 2591 inter

800 2634 1071 2696 statum
1096 2631 1473 2697 Ecclesiae
1508 2637 1580 2697 et
1616 2631 2114 2697 Sacerdotium
2143 2630 2628 2697 Christianum
2655 2636 2878 2716 atque
2911 2637 3042 2697 sta-

803 2742 954 2803 tum
1020 2739 1389 2822 publicum
1453 2738 1892 2822 Synagogae
1955 2740 2254 2823 ejusque
2317 2724 2845 2824 Sacerdotium,
2913 2758 3042 2823 quo

802 2844 1091 2927 quidem
1124 2851 1553 2929 argumento
1590 2846 1838 2911 Sancti
1871 2846 2126 2912 Patres
2162 2866 2686 2930 saepenumero
2715 2850 2826 2913 usi
2859 2851 3038 2913 sunt.

800 2950 919 3017 Sic
986 2953 1303 3035 dignitas
1365 2953 1792 3019 Levitarum
1847 2958 1920 3019 et
1983 2954 2452 3019 Sacerdotum
2489 2974 2729 3021 novae
2790 2956 2972 3039 legis
3005 2972 3043 3015 a

799 3060 871 3127 S.
932 3059 1177 3124 Leone
1234 3060 1495 3142 Magno
1534 3060 1655 3142 (2),
1721 3062 2171 3127 continentia
2195 3061 2644 3128 Clericorum
2695 3077 3042 3145 sacerque

800 3166 1204 3233 caelibatus
1242 3186 1285 3231 a
1322 3166 1511 3231 Divo
1547 3166 1993 3250 Hieronymo
2031 3170 2150 3253 (3),
2190 3169 2554 3235 distinctio
2587 3171 2776 3235 inter
2831 3168 3040 3237 Cleri-

800 3292 925 3341 cos
960 3293 1046 3339 ac
1108 3275 1397 3357 Laicos‚
1439 3276 1943 3341 ecclesiastica
2005 3277 2441 3359 immunitas,
2483 3279 2774 3363 aliaque
2839 3280 3040 3363 plura

802 3382 1145 3464 dogmata
1180 3400 1225 3445 a
1258 3381 1543 3447 Sanctis
1578 3382 1918 3447 Patribus
1951 3402 2043 3449 ex
2065 3384 2262 3468 Lege
2290 3386 2525 3450 veteri
2552 3386 2853 3451 mirifice
2885 3404 3037 3451 con-

798 3490 1201 3555 firmantur.

977 3596 1087 3662 74.
1186 3596 1472 3663 NOVUM
1506 3597 2082 3663 TESTAMENTUM
2107 3600 2272 3681 jure
2327 3600 2583 3665 merito
2649 3601 3038 3683 putandum

796 3706 909 3768 est
941 3704 1171 3769 veluti
1204 3694 1479 3787 primus
1514 3709 1587 3769 et
1622 3706 2041 3787 potissimus
2076 3709 2238 3773 fons
2271 3706 2317 3773 J
2321 3709 2468 3773 uris
2517 3707 3036 3787 Ecclesiastici,

796 3812 955 3893 sive
985 3813 1285 3895 publici,
1321 3812 1481 3879 sive
1517 3810 1816 3897 privati;
1851 3818 1924 3879 et
1957 3833 2040 3881 re
2073 3816 2358 3899 quidem
2417 3834 2624 3899 vera,
2685 3818 2924 3883 omnia
2955 3816 3036 3880 de

934 4065 1011 4127 (1)
1084 4060 1329 4130 Princip.
1356 4020 1485 4115 Jur.
1515 4058 1722 4115 Eccles.
1751 4065 1876 4116 tom.
1902 4064 1948 4114 Ι.

936 4152 1017 4218 (2)
1098 4150 1271 4205 Serm.
1298 4154 1329 4204 8
1348 4152 1590 4219 passion.
1619 4148 1780 4205 Dom.
1807 4166 1925 4220 cap.
1952 4154 1984 4205 8
2009 4192 2020 4205 .

938 4238 1019 4310 (3.)
1096 4237 1300 4294 Contra
1322 4238 1604 4293 Jovinian.
1627 4239 1747 4294 Lib.
1773 4241 1820 4310 Ι,
1844 4256 1989 4295 num.
2019 4242 2103 4295 34.
