3332 5100
1738 340 2097 403 -314-

973 487 1175 556 Inter
1237 489 1620 574 generales
1686 487 2173 554 Conciliorum
2240 484 2821 569 compilationes,
2887 487 3024 549 tres

802 598 1251 682 praecipuae
1283 596 1799 662 memorandae
1870 598 2183 662 exstant:
2232 592 2697 677 Merliniana,
2731 592 3029 659 Viniana

798 710 1017 789 atque
1053 705 1521 770 Labbaeana.

997 811 1270 876 Eodem
1329 811 1486 876 fere
1550 814 1905 895 tempore,
1973 830 2114 896 quo
2182 809 2526 876 Laertius
2591 807 3027 874 Cherubinus

796 937 1000 984 suum
1031 919 1401 1002 ingenium
1437 922 1510 983 et
1544 918 1972 983 industriam
2010 919 2362 984 exerebat
2425 917 2499 982 in
2566 916 2910 1000 cogendis
2964 918 3029 979 et

797 1027 1192 1111 seligendis
1227 1027 1455 1092 Bullis
1485 1026 1908 1112 Pontificiis,
1970 1028 2317 1093 Merlinus
2353 1043 2623 1091 novam
2675 1023 3027 1090 collectio-

800 1153 966 1202 num
1000 1134 1382 1218 periodum
1409 1134 1921 1217 inaugurabat,
1961 1135 2098 1200 duo
2137 1134 2623 1201 Conciliorum
2670 1131 3030 1198 volumina

794 1240 1093 1306 Parisiis
1130 1259 1320 1306 anno
1360 1241 1534 1305 1530
1565 1242 1814 1324 edens;
1855 1244 2148 1308 tertium
2192 1243 2536 1309 volumen
2600 1243 2858 1322 postea
2918 1237 3029 1302 ad-

796 1348 977 1413 didit
1006 1347 1262 1412 Petrus
1297 1347 1718 1414 Crabbaeus
1765 1350 2279 1415 Mechlinensis
2346 1366 2537 1413 anno
2597 1346 2791 1428 15513
2833 1361 3032 1428 quar-

796 1459 947 1520 tum
1004 1456 1441 1522 Laurentius
1506 1457 1757 1524 Surius
1822 1478 2012 1524 anno
2083 1458 2279 1541 1567;
2339 1458 2667 1541 quintum
2732 1454 3034 1536 denique

795 1562 1218 1629 Dominicus
1251 1565 1580 1650 Nicolim,
1615 1567 2119 1650 typographus
2152 1567 2475 1633 Venetus
2502 1582 2691 1630 anno
2722 1560 2919 1628 1585.

973 1670 1366 1737 Severinus
1402 1673 1654 1738 Vinius
1690 1675 1813 1740 vel
1878 1674 2152 1756 BiniuS,
2223 1673 2630 1740 Canonicus
2696 1669 3035 1753 Coloniae

794 1777 1278 1862 Agrippinae,
1320 1779 1683 1863 duplicem
1718 1780 2098 1864 evulgavit
2132 1780 2661 1861 collectionem3
2730 1778 3037 1842 alteram

794 1886 1208 1952 breviorem
1247 1905 1436 1952 anno
1479 1888 1676 1971 1606,
1716 1889 2024 1955 alteram
2091 1888 2519 1973 ampliorem
2582 1904 2773 1951 anno
2843 1882 3033 1965 1618,

795 2011 984 2075 quae
1047 1994 1121 2058 in
1183 2013 1449 2061 novem
1512 1999 1745 2062 tomos
1810 1997 2152 2062 distincta
2218 2014 2407 2062 anno
2476 1995 2651 2060 1638
2742 1991 3035 2059 Parisiis

794 2100 1088 2183 prodiit.

971 2206 1278 2274 Demum
1311 2210 1626 2274 omnium
1683 2210 2315 2293 praestantissima
2383 2213 2493 2275 est
2552 2207 3039 2274 Conciliorum

796 2315 1130 2380 collectio
1169 2333 1387 2399 quam
1419 2317 1750 2400 Filippus
1783 2317 2168 2383 Labbaeus
2204 2318 2535 2400 primum,
2574 2334 2663 2381 ac
2697 2315 2867 2380 dein
2903 2313 3035 2380 Ga·

793 2423 980 2488 briel
1015 2422 1408 2507 Cosartius,
1448 2427 1659 2489 ambo
1702 2442 1740 2489 e
1775 2425 2127 2490 societate
2158 2424 2358 2506 Jesu,
2395 2425 2470 2489 in
2517 2423 3038 2507 septemdecim

794 2532 1169 2598 volumina
1234 2532 1718 2618 distributam,
1800 2532 2098 2599 Parisiis
2158 2533 2379 2599 etiam
2466 2533 2660 2617 typis
2745 2531 3039 2598 edidere

795 2656 984 2703 anno
1015 2638 1211 2704 1672.

971 2744 1128 2811 Hoc
1160 2765 1503 2830 magnum
1538 2751 1612 2813 et
1671 2748 1849 2814 vere
1913 2752 2415 2832 portentosum
2478 2765 2658 2831 opus
2722 2764 2906 2812 cura
2969 2747 3039 2811 et

792 2852 1148 2918 industria
1182 2852 1532 2937 Stephani
1564 2855 1874 2920 Balluzii
1923 2861 2239 2939 auctum,
2306 2874 2475 2921 mox
2542 2872 2674 2938 per
2728 2852 3040 2920 Hardui·

792 2978 963 3027 num
997 2980 1040 3026 a
1074 2962 1351 3027 mendis
1417 2967 1902 3046 expurgatum
1936 2970 2009 3030 et
2042 2965 2254 3031 novis
2306 2963 2789 3029 monumentis
2842 2963 3041 3027 locu·

793 3069 1175 3152 pletatum,
1207 3087 1434 3153 opera
1464 3070 1751 3137 Nicolai
1814 3070 2077 3137 Oolleti
2132 3071 2395 3137 Veneti
2453 3077 2821 3156 postremo
2880 3071 3043 3135 loco

795 3176 1314 3259 amplificatum
1349 3181 1568 3260 atque
1624 3179 2057 3262 perfectum,
2107 3179 2432 3245 Venetiis
2486 3197 2676 3243 anno
2735 3176 2913 3242 1732
2970 3177 3046 3242 in

792 3284 1030 3377 lucem
1064 3283 1432 3367 publicam
1467 3286 1730 3349 iterum
1761 3286 2031 3369 prodiit
2064 3286 2138 3349 in
2175 3285 2257 3349 21
2296 3285 2671 3349 volumina
2696 3282 3039 3348 divis-um.

996 3389 1319 3455 Editioni
1353 3390 1614 3457 Colleti
1648 3412 1840 3458 anno
1893 3392 2067 3458 1748
2111 3392 2421 3457 accessit
2454 3392 3045 3475 supplementum

793 3496 1028 3563 studio
1064 3498 1429 3564 Dominici
1461 3500 1697 3565 Mansi
1743 3500 2301 3585 Archiepiscopi
2360 3498 2709 3566 Lucensis
2772 3498 3044 3563 confia-

792 3610 968 3690 tum,
1007 3607 1199 3691 quod
1228 3625 1360 3672 sex
1393 3609 1606 3673 tomis
1641 3611 1939 3674 constat
1972 3611 2045 3673 et
2078 3607 2339 3674 Carolo
2364 3607 2843 3692 Emmanueli,
2876 3605 3043 3673 Sar-

795 3715 1039 3781 diniae
1071 3715 1251 3798 Regi
1285 3714 1605 3781 dicatum
1640 3718 1975 3800 apparet.

967 3822 1271 3887 Praeter
1302 3825 1687 3907 generales
1722 3825 2215 3907 collectiones,
2267 3842 2413 3890 non
2448 3824 2835 3889 defuerunt
2898 3824 3046 3889 viri

793 3930 986 3994 omni
1076 3931 1481 3996 eruditione
1568 3932 2014 4015 peritissimi,
2080 3933 2228 4017 qui,
2303 3951 2571 4015 magna
2658 3932 3045 4015 diligentia

793 4035 1145 4120 adhibita,
1182 4039 1730 4121 praestantiora
1766 4037 2279 4122 Conciliorum,
2330 4044 2483 4104 tum
2516 4039 2580 4105 N
2584 4039 3040 4122 ationalium,

793 4147 944 4210 tum
975 4143 1542 4213 Provincialium
1570 4150 2039 4212 monumenta
2070 4146 2147 4211 in
2184 4146 2475 4216 codices
2508 4148 2948 4212 retulerunt.

967 4250 1168 4321 Inter
1203 4271 1354 4339 eos,
1392 4254 1516 4340 qui
1549 4255 2061 4339 comparandis
2096 4258 2316 4340 atque
2363 4253 2545 4321 actis
2606 4254 3043 4322 canonibus·
