3332 5100
1332 399 1648 460 ...45-

358 551 665 614 caretur
699 545 964 628 dogma
995 544 1544 610 fundamentale
1608 562 1698 610 ac
1763 542 2325 612 Sacrosanctum
2359 546 2606 612 Realis

360 653 638 722 Christi
666 653 743 718 in
774 653 1237 718 Eucharistia
1297 654 1746 719 Presentiae:
1811 653 2066 718 eodem
2124 656 2361 738 m0d0,
2395 655 2604 721 disci·

359 762 569 846 plina
620 778 766 845 qua
828 761 1046 844 longo
1110 761 1569 826 saeculorum
1619 764 1860 826 tractu
1924 780 2056 846 per
2121 781 2396 846 omneS,
2457 768 2609 829 tum

362 867 713 950 Orientis,
742 871 893 932 tum
921 865 1333 933 Occidentis
1362 867 1730 932 Ecclesias
1759 885 2048 951 semper
2073 871 2424 952 agnitum,
2455 887 2606 934 sus-

362 983 661 1058 ceptum
686 981 906 1059 atque
940 975 1313 1040 evolutum
1344 975 1480 1040 fuit
1505 976 1625 1057 jus
1660 956 2189 1058 appellationis*
2217 976 2310 1041 ad
2346 976 2605 1044 Sedem

362 1081 893 1165 Apostolicam,
930 1082 1287 1165 simulque
1324 1083 1724 1148 necessitas
1776 1084 1989 1149 liberi
2023 1086 2095 1149 et
2149 1084 2376 1148 mutui
2423 1102 2609 1150 com·

363 1190 623 1256 mercii
645 1189 836 1255 inter
869 1189 1269 1256 Romanum
1301 1183 1751 1274 Pontificem,
1781 1192 2071 1256 visibile
2106 1193 2323 1257 totius
2359 1191 2608 1272 Eccle-

362 1298 523 1362 siae
557 1295 819 1380 Oaput,
858 1301 1303 1380 cunctosque
1336 1298 1676 1363 Pastores
1740 1317 1828 1362 ac
1891 1299 2168 1381 fideleS,
2228 1300 2606 1366 societatis

364 1403 816 1469 christianae
870 1404 1220 1486 membra,
1300 1422 1673 1488 nunquam
1733 1406 2036 1490 aboleri,
2105 1407 2429 1472 imminui
2489 1413 2616 1474 aut

364 1513 951 1580 substantialiter
986 1512 1250 1576 mutari
1272 1513 1565 1594 poterit,
1603 1513 1776 1596 quia
1814 1513 2176 1580 Primatus
2213 1516 2507 1580 honoris
2543 1523 2616 1581 et

356 1620 891 1704 jurisdictionis
980 1619 1195 1684 Petro
1275 1621 1576 1704 ejusque
1651 1619 2210 1687 Successoribus
2306 1622 2616 1687 collatus

365 1728 673 1810 prorsus
702 1731 972 1809 rueret,
1012 1727 1337 1808 ejusdem
1370 1731 1637 1792 natura
1673 1733 1891 1810 atque
1950 1728 2200 1793 divina
2257 1729 2612 1793 institutio

366 1837 815 1918 laederetur,
852 1837 1323 1920 regimenque
1351 1837 1932 1902 ecclesiasticum
1962 1854 2007 1900 a
2036 1833 2319 1900 Christo
2353 1835 2616 1899 ·Domi-

367 1963 462 2010 no
498 1945 889 2026 intentum,
928 1944 1207 2008 unitate
1243 1944 1573 2026 disrupta
1607 1947 1680 2008 et
1715 1943 2221 2007 communione
2256 1941 2617 2026 intercep-

365 2055 478 2137 ta,
518 2051 929 2116 certissime
962 2051 1575 2128 labefacteretur„

551 2157 667 2223 43.
766 2157 1251 2239 Quamobrem
1278 2157 1581 2222 Romani
1606 2156 2016 2239 PontificeS,
2050 2156 2154 2220 uti
2181 2155 2618 2222 ecclesiasti-

371 2284 455 2331 ca
484 2265 795 2340 historia
821 2264 1133 2329 disserte
1163 2269 1495 2346 testatur,
1526 2265 2190 2330 immutabilitatem
2213 2263 2622 2345 hujusmodi

376 2372 811 2454 disciplinae
848 2372 1253 2454 apostelica
1286 2372 1712 2436 fortitudine
1760 2376 1833 2436 et
1871 2372 2246 2437 indefessa
2284 2376 2619 2437 constan-

372 2481 475 2544 tia
504 2479 700 2544 omni
734 2481 1061 2562 tempore
1091 2478 1583 2561 vindicarunt3
1620 2479 1802 2542 satis
1861 2479 1954 2543 sit
1985 2479 2059 2542 in
2092 2478 2619 2561 comprobatio-

372 2606 537 2653 nem
566 2587 773 2652 istius
807 2588 1231 2651 assertionis
1258 2606 1476 2651 unum
1510 2588 1632 2651 vel
1661 2587 1860 2651 aliud
1894 2586 2351 2670 antiquitatis
2401 2590 2476 2651 et
2500 2604 2622 2650 no-

372 2696 723 2761 vissimae
749 2695 1011 2759 aetatis
1046 2694 1460 2776 exemplum
1492 2694 1883 2758 adducere.

552 2800 861 2867 Saeculo
895 2800 1038 2865 XII
1072 2798 1429 2865 Henricus
1461 2800 1558 2883 II,
1596 2818 1730 2864 rex
1764 2800 2099 2882 Angliae,
2162 2801 2366 2882 quus
2416 2801 2626 2882 jussu

375 2909 739 2992 gloriosus
772 2908 1105 2991 pontifex
1136 2906 1206 2972 S.
1238 2908 1551 2972 Thomas
1610 2906 2158 2973 cantuariensis
2190 2924 2320 2991 pro
2354 2908 2626 2973 tuenda

373 3016 753 3083 Ecclesiae
788 3016 1127 3081 libertate
1185 3015 1589 3080 martirium
1648 3016 1890 3094 subiit,
1951 3016 2377 3081 convocatis
2419 3015 2514 3080 ad
2547 3032 2626 3080 se

373 3124 759 3208 Episcopis
794 3126 866 3187 et
898 3123 1328 3188 Proceribus
1362 3124 1593 3207 regni,
1636 3129 2022 3207 postquam
2069 3124 2270 3206 leges
2306 3123 2625 3205 anglica-

373 3250 505 3296 nas
540 3231 829 3314 iniquas
876 3231 1162 3296 tulisset
1196 3231 1492 3295 utilitati
1528 3250 1615 3295 ac
1669 3230 2006 3313 dignitati
2061 3230 2628 3295 Ecclesiasticae
2691 3306 2698 3311 ‚

372 3344 895 3423 repugnantes,
928 3338 1422 3403 celeberrimis
1464 3336 2082 3405 Consuetudinibus
2121 3336 2626 3406 Olarendonen-

374 3448 563 3513 sibus
599 3449 674 3510 et
711 3444 1320 3515 Constitutionibus
1346 3446 1774 3511 Norman-m's
1807 3446 2183 3511 interdixit
2217 3446 2362 3510 suis
2391 3445 2626 3510 subdi-

373 3555 465 3620 tis
499 3554 1041 3637 appellationes
1076 3553 1168 3616 ad
1199 3552 1459 3618 ›Sedem
1492 3553 1994 3636 Apostolicam
2028 3560 2100 3618 et
2134 3554 2441 3619 liberam
2467 3571 2632 3619 cum

376 3662 701 3728 Romano
735 3661 1083 3725 Pontifice
1112 3660 1864 3727 communicationem.
1898 3661 2113 3725 Tanti
2159 3659 2459 3726 sceleris
2507 3678 2629 3725 ne-

378 3770 609 3852 quitia
641 3775 1011 3851 permotus
1042 3767 1473 3834 Guillelmus
1508 3768 1828 3851 ElectuS,
1861 3770 2198 3851 egregius
2227 3768 2631 3851 Episcopus
2747 3790 2752 3795 ·

380 3875 877 3958 Carnotensis,
916 3876 1191 3941 veritus
1225 3894 1317 3941 ne
1354 3877 1480 3941 alii
1515 3875 1892 3958 Principes
1952 3878 2089 3941 hoc
2145 3875 2633 3959 perniciosum

382 3984 792 4067 exemplum
828 3989 1216 4067 sequentes
1253 3984 1649 4050 schismata
1683 3990 1900 4067 atque
1935 3984 2523 4067 perturbationes
2558 3984 2632 4048 in

380 4090 712 4155 Ecclesia
770 4091 1049 4157 cierent
1104 4092 1224 4177 (1),
1274 4092 1369 4157 ad
1423 4091 1921 4157 Alexandrum
1954 4090 2062 4157 III
2115 4092 2410 4157 strenue
2459 4092 2632 4157 scri-

524 4269 604 4333 (1)
677 4268 843 4332 Quod
872 4244 1423 4335 quidem'luculento
1449 4268 1502 4322 S.
1532 4270 1799 4334 martyris
1825 4268 2078 4323 Thomas
2103 4268 2536 4324 Cantuariensis
2560 4274 2636 4322 te-

388 4340 654 4395 stimonio
678 4340 1079 4408 comprobatur
1116 4343 1216 4407 qni
1257 4343 1488 4409 saepius
1525 4340 1836 4395 affirmavit
1875 4339 2336 4396 Consuetudines
2375 4338 2638 4411 Attalicas
