3332 5100
1256 352 1606 414 -297-

326 498 752 582 stitutioneS,
784 500 874 564 ab
902 500 1198 564 Urbano
1226 518 1486 582 nempe
1510 500 1608 564 IV
1634 516 1861 582 usque
1895 498 1987 562 ad
2011 498 2249 582 ipsum
2277 498 2557 564 Sixtum

322 608 416 674 IV
452 610 978 690 complectitur.

494 714 875 798 Collector,
906 716 1228 798 quisquis
1254 716 1378 778 ille
1412 716 1654 796 fuerit,
1717 714 2129 778 methodum
2167 714 2557 796 analogam

322 822 390 882 et
416 822 738 886 ordinem
776 840 1226 884 communem
1258 822 1582 904 priorum
1638 822 2151 886 collectionum
2215 840 2557 904 prosequ-

319 930 476 990 utus
496 932 628 1010 est3
654 928 782 992 sed
808 928 1306 992 deficientibus
1326 928 1747 994 Decretalib
1759 948 1835 992 us
1865 930 1951 992 de
1967 948 2045 992 re
2071 930 2561 992 matrimonia-

316 1032 390 1114 li,
422 1038 758 1114 quartum
790 1034 1048 1098 librum
1080 1034 1342 1098 omisit:
1378 1036 1564 1098 unde
1590 1036 1773 1098 haec
1815 1040 2183 1118 postrema
2214 1034 2557 1116 compila-

318 1140 440 1222 tio,
502 1140 634 1204 sub
692 1140 898 1204 titulo
962 1140 1598 1226 Extravayantium
1685 1142 2157 1208 Communium
2239 1142 2555 1222 cognita,

318 1254 628 1328 quatuor
662 1248 866 1310 libris
904 1250 1184 1312 tantum
1222 1250 1594 1312 coalescit.

493 1354 646 1418 270.
748 1354 970 1418 Valor
1006 1362 1076 1418 et
1110 1356 1510 1418 auctoritas
1570 1356 2135 1438 uniuscujusque
2195 1354 2561 1418 collectio-

316 1460 450 1542 nis,
490 1462 732 1542 prouti
768 1462 910 1524 alio
946 1462 1104 1524 loco
1166 1462 1839 1544 animadvertimus,
1907 1480 2067 1532 cum
2127 1462 2315 1524 hanc
2373 1462 2557 1524 sale·
2607 1472 2613 1476 ’

316 1566 608 1630 brosam
654 1568 1256 1650 disceptationem
1324 1570 1849 1650 exordiremur,
1891 1570 2277 1650 tripliciter
2319 1568 2551 1632 consi-

318 1674 560 1736 derari
598 1682 854 1756 potest,
884 1676 1242 1756 nimirum,
1282 1676 1626 1758 historice,
1693 1678 2063 1760 scientifice
2113 1682 2329 1756 atque
2371 1676 2561 1760 juri-

318 1780 486 1842 dice.-
522 1798 714 1842 nunc
748 1798 950 1862 Vere,
992 1782 1052 1844 si
1102 1782 1432 1844 valorem
1498 1784 1695 1846 mere
1761 1782 2181 1844 historicum
2249 1782 2563 1862 quinque

318 1886 832 1950 collectionum
896 1886 1396 1952 Decretalium
1452 1906 1632 1970 quas
1701 1888 2225 1970 recensuimUS,
2285 1894 2562 1968 specte-

316 2010 496 2074 mus,
534 1994 946 2056 luculenter
982 2000 1186 2076 patet
1218 2014 1464 2060 omnes
1498 1998 1630 2060 has
1664 1996 2241 2078 compilationeS,
2269 1996 2423 2059 sive
2451 2012 2563 2058 ra-

318 2100 512 2164 tione
548 2102 1006 2164 auctoritatis
1046 2102 1490 2186 pontificiae,
1546 2092 1703 2168 sive
1767 2122 1857 2166 ex
1915 2104 2077 2184 ipsa
2143 2103 2565 2184 integritate

320 2214 390 2270 et
422 2210 876 2288 genuinitate
902 2218 1556 2292 monumentorum,
1598 2230 1803 2274 usum
1837 2212 2259 2292 generalem
2315 2216 2385 2272 et
2441 2228 2565 2292 pu-

320 2312 586 2376 blicam
624 2318 1204 2396 acceptationem
1254 2318 1648 2380 obtinuisse
1685 2328 1835 2380 tum
1869 2320 1941 2380 in
1983 2318 2277 2398 judiciis
2337 2316 2565 2380 eccle-

320 2422 658 2504 siasticis,
698 2432 848 2486 tum
882 2424 954 2486 in
990 2424 1258 2486 scholis
1284 2424 1687 2488 catholiciS.

496 2528 642 2594 Sub
678 2535 1018 2613 respectu
1052 2533 1418 2619 scientifico
1446 2534 1658 2595 aliter
1695 2532 1947 2597 valent
1971 2532 2567 2613 Extravagantes

318 2637 622 2701 Joannis
656 2637 866 2701 XXII
904 2649 974 2703 et
1010 2641 1604 2721 Extravagantes
1656 2659 2097 2723 communes,
2139 2643 2351 2703 aliter
2387 2655 2567 2703 vero

318 2747 750 2811 Decretales
788 2747 1122 2829 Gregorii
1156 2749 1286 2831 IX,
1326 2749 1685 2813 Bonifacii
1743 2749 1915 2813 VIII
1965 2759 2185 2831 atque
2241 2747 2563 2811 Clemen-

319 2855 408 2917 tis
446 2855 534 2935 V;
576 2856 844 2917 etenim
876 2857 1178 2939 primae,
1220 2857 1540 2921 unanimi
1586 2839 2131 2921 canonistarum
2169 2873 2559 2937 consensu,

318 2963 614 3043 plenam
648 2965 863 3027 fidem
896 2975 1264 3029 merentur
1302 2973 1372 3029 et
1407 2967 1737 3047 perfecta
1767 2967 2207 3029 auctoritate
2239 2965 2563 3045 gaudent

318 3079 690 3151 tamquam
710 3073 1190 3135 instrumenta
1217 3075 1510 3157 publica
1538 3085 1608 3137 et
1634 3075 2071 3137 doctrinalia
2103 3073 2559 3155 documenta,

322 3195 404 3241 eo
464 3179 658 3259 quod
722 3181 1186 3243 authenticae
1244 3187 1385 3243 sint
1440 3191 1512 3245 et
1560 3183 1891 3263 integrae
1937 3183 2429 3263 reperiantur3
2495 3185 2567 3243 et

318 3289 654 3369 praecise
688 3289 826 3351 hac
860 3291 946 3351 de
986 3307 1231 3371 causa,
1298 3291 1472 3353 licet
1522 3293 1993 3355 collectiones
2053 3289 2567 3369 Extravagan-

322 3397 498 3459 tium
532 3415 676 3459 non
710 3399 982 3461 fuerint
1013 3399 1390 3461 Pontificio
1428 3401 1725 3463 oraculo
1787 3399 2285 3479 confirmatae,
2325 3397 2402 3459 in
2437 3415 2571 3461 usu

320 3509 568 3569 tamen
601 3507 1016 3569 scholarum
1050 3513 1122 3571 et
1154 3507 1296 3571 fori
1330 3513 1496 3571 sunt
1522 3517 1893 3589 receptae:
1931 3505 2297 3571 secundae
2329 3511 2571 3567 autem

324 3613 836 3677 certitudinem
870 3615 1342 3679 scientificarn
1372 3617 1552 3679 adeo
1580 3617 1865 3679 firmam
1891 3621 2109 3695 atque
2139 3613 2569 3677 tutissimam

322 3721 628 3803 gignere
658 3731 1028 3803 nequeunt
1059 3723 1408 3805 inspectis
1444 3723 1801 3805 peculiari
1837 3729 2127 3787 textura
2179 3725 2249 3783 et
2285 3719 2569 3801 quibus-

326 3831 492 3895 dam
522 3833 880 3913 adjunctis
908 3835 1262 3913 ejusmodi
1288 3835 1825 3913 collectionum;
1847 3833 2039 3895 enim
2073 3831 2575 3913 Gregorianae

324 3939 778 4029 DepretaleS,
822 3945 958 4005 etsi
982 3943 1180 4005 nullo
1216 3943 1426 4005 modo
1466 3943 1576 4005 fas
1612 3943 1707 4005 sit
1741 3941 1827 4003 de
1863 3941 2231 4021 probitate
2275 3937 2343 4001 S.
2387 3937 2573 4019 Ray-

326 4051 572 4113 mundi
608 4051 940 4117 dubitare
978 4053 1096 4117 vel
1130 4053 1218 4115 de
1252 4063 1891 4143 monumentorum,
1917 4051 2387 4133 corruptione
2423 4069 2573 4113 sus-

324 4163 582 4245 picari,
654 4165 892 4227 editae
926 4171 1092 4229 sunt
1146 4183 1234 4227 ea
1288 4172 1566 4245 aetate,
1620 4183 1763 4247 qua
1823 4161 2139 4225 nondum
2199 4165 2579 4225 corruerat

326 4271 896 4354 pseudo-Isidori
932 4291 1262 4355 regnum,
1300 4289 1436 4337 nec
1472 4271 1709 4335 adhuc
1745 4269 2003 4335 critica
2039 4273 2199 4333 erat
2223 4269 2297 4333 in
2331 4269 2575 4333 culmi-
