3332 5100
1713 330 2068 392 2-266-

777 477 1215 560 singularem
1257 475 1468 558 hujus
1526 476 1798 559 Synodi
1847 477 2398 561 praestantiam.
2439 478 2735 544 Duabus
2782 477 3011 563 parti-

777 586 907 648 bus
944 588 1254 666 constat,
1294 583 1387 648 ad
1421 584 1651 648 instar
1687 582 1972 648 Codicis
2015 585 2472 666 Dionysiani,
2530 605 2833 668 quarum
2868 588 3011 669 pri-

777 710 894 755 ma
927 708 1243 756 canones
1282 692 1755 756 conciliorum
1793 692 2137 774 continet,
2198 692 2519 756 secunda
2584 693 3013 758 Decretales

779 804 849 862 et
876 799 1258 880 Rescripta
1293 798 1671 863 Pontificia
1698 799 2016 864 exhibet.

874 889 881 894 ⁴
968 909 1178 973 Valor
1212 911 1284 970 et
1319 907 1746 973 Auctoritas.
1843 907 2152 971 Ratione
2208 907 2777 988 authenticitatie‚
2846 908 2903 973 iz
2929 915 3017 972 te-

777 1016 1054 1100 9ritatis
1102 1018 1176 1079 et
1235 1016 1472 1099 copiae
1540 1014 2160 1096 documentorum,
2201 1031 2389 1096 quae
2432 1014 2507 1078 in
2570 1013 3017 1080 Collectione

781 1120 1496 1187 Canonico-Gothica
1531 1122 2174 1204 comprenduntur,
2214 1136 2345 1187 usu
2380 1112 2711 1204 generali
2764 1140 3017 1205 recep-

783 1236 857 1292 ta
892 1232 1005 1293 est
1027 1231 1244 1311 atque
1273 1229 1666 1311 primatum
1724 1227 2109 1311 quemdam
2166 1228 2895 1311 superioritatemque
2929 1228 3019 1292 si-

781 1338 851 1398 bi
885 1335 1368 1417 comparavit;
1409 1335 1596 1399 unde
1631 1335 1848 1417 longo
1884 1335 2339 1399 saeculorum
2401 1336 2613 1417 lapsu
2677 1353 3025 1418 magnam

785 1443 1293 1506 auctoritatem
1328 1442 1399 1505 in
1434 1441 1785 1506 Ecclesiis
1852 1442 2253 1524 Hispaniae
2316 1441 2584 1524 adepta
2649 1442 2788 1506 fuit
2838 1442 3023 1506 adeo

785 1556 1058 1614 certam
1093 1555 1166 1612 et
1228 1548 1736 1631 indubitatam,
1774 1554 1851 1613 ut
1915 1549 2171 1613 Patres
2237 1553 2308 1612 et
2374 1547 2722 1630 Concilia,
2790 1548 3027 1612 veluti

785 1657 999 1738 paulo
1035 1662 1256 1720 antea
1290 1656 1798 1737 indicavimuS,
1839 1674 2001 1720 eam
2035 1656 2232 1722 omni
2266 1657 2593 1721 encomio
2628 1655 3028 1720 extulerint

787 1766 847 1846 ej
861 1781 1082 1846 usque
1116 1764 1501 1828 lectionem
1533 1763 1887 1845 singulari
1920 1765 2183 1847 plausu
2244 1768 2504 1829 cuncto
2541 1759 2545 1764 ’
2574 1763 2769 1827 clero
2835 1781 3025 1828 corn-

787 1872 1223 1938 mandarint.

961 1978 1115 2042 235.
1211 1979 1384 2043 Post
1415 1997 1717 2060 magnos
1745 1979 2157 2044 exantlatos
2192 1980 2481 2045 labores
2516 1979 2607 2044 ab
2642 1977 3026 2044 Ambrosio

789 2087 1128 2168 MoraleS,
1196 2085 1239 2149 J
1247 2103 1482 2150 oanne
1546 2086 1914 2169 Vazquez,
1978 2087 2309 2170 Marmol,
2374 2087 2660 2151 Joanne
2692 2085 3027 2167 Baptista
3061 2120 3076 2133 ὀ

789 2198 1037 2277 Perez,
1057 2194 1371 2259 Antonio
1399 2194 1828 2278 Augustino,
1847 2195 2137 2278 Loaisa,
2168 2195 2501 2278 Aguirre,
2524 2195 2833 2277 aliisque
2862 2194 3029 2259 doc·

789 2304 1043 2367 tissimi
1082 2303 1288 2384 viriS,
1356 2320 1661 2382 quorum
1714 2304 2390 2368 animadversiones
2450 2304 2752 2368 criticae
2806 2307 3032 2384 atque

789 2411 1182 2475 historicae
1216 2411 1823 2492 investigationes
1864 2429 2043 2493 prae
2077 2412 2304 2476 oculis
2339 2412 2635 2476 habitae
2666 2411 2871 2475 fuere
2917 2429 3030 2474 re-

793 2519 1230 2584 centioribus
1260 2519 1583 2601 eruditis,
1616 2519 1910 2583 tandem
1938 2523 2190 2584 nostra
2216 2524 2482 2602 aetate,
2500 2519 2808 2601 seilicet,
2836 2536 3031 2584 anno

797 2626 967 2691 1808
1001 2627 1387 2690 editionem
1427 2625 1893 2690 Collectionis
1928 2626 2370 2709 Hispanicae
2431 2630 2634 2690 tanto
2701 2631 3034 2708 tempore

795 2743 1120 2817 optatam
1153 2734 1749 2798 bibliothecarius
1783 2733 2132 2799 Dominus
2190 2734 2623 2798 Franciscus
2673 2732 3034 2797 Antonius

795 2841 1162 2907 Gonzalez
1197 2859 1546 2924 aggresus
1579 2848 1712 2923 est,
1754 2860 1932 2924 opus
1969 2842 2256 2924 quidem
2310 2842 2590 2924 ingens,
2658 2842 3035 2923 negotium

795 2952 969 3015 vere
997 2952 1322 3032 arduum,
1349 2949 1540 3032 quod
1573 2954 1820 3012 tamen
1849 2967 2040 3013 anno
2103 2950 2271 3013 1821
2331 2950 2631 3013 mirifice
2688 2949 3035 3030 perfecit.

795 3059 931 3123 Pro
967 3058 1322 3139 ejusmodi
1368 3057 1801 3122 collectione
1835 3056 1910 3120 in
1943 3058 2178 3121 lucem
2244 3056 2526 3122 edenda
2588 3055 3040 3138 perscrutati

799 3173 1016 3249 atque
1046 3168 1236 3230 inter
1268 3184 1346 3230 se
1411 3164 1797 3246 diligenter
1846 3164 2094 3228 collati
2154 3167 2321 3228 sunt
2380 3180 2647 3228 novem
2714 3163 3036 3248 codiceS,

797 3273 1162 3339 videlieet:
1232 3272 1714 3338 Albendensis
1800 3287 1926 3335 seu
1996 3270 2401 3354 VigilanuS,
2492 3270 3037 3355 Emilaniensis,

797 3382 1133 3445 Toletani
1164 3381 1198 3445 I
1234 3386 1306 3446 et
1337 3380 1432 3460 II,
1462 3380 1780 3461 RegaliS,
1812 3378 2296 3445 Scuraliensis
2329 3382 2437 3448 ΠΙ
2494 3385 2567 3443 et
2597 3379 2722 3464 IV,
2775 3379 3043 3461 Urgel-

795 3492 1014 3555 lensis
1053 3496 1272 3574 atque
1299 3488 1811 3555 Grex-undensis.

976 3599 1307 3681 Denique
1357 3614 1545 3661 anno
1606 3596 1778 3661 1849
1835 3594 2358 3665 Collectionem
2419 3602 2759 3684 Magnam
2824 3598 3048 3663 simul

801 3727 961 3777 cum
1011 3708 1350 3775 versione
1414 3706 1796 3789 hispanica
1855 3709 1932 3770 et
1993 3708 2391 3773 utilissimis
2448 3707 3048 3774 annotationibus

801 3817 1151 3899 evulgare
1186 3814 1427 3897 coepit
1460 3814 1811 3878 Dominus
1874 3813 2193 3879 Joannes
2259 3816 2539 3898 Tejada
2591 3826 2664 3881 et
2715 3814 3044 3897 Ramiro,

801 3926 923 4009 qui
961 3926 1066 3989 ita
1102 3923 1490 4005 diligenter
1551 3929 1624 3986 et
1680 3923 1974 3987 strenue
2035 3924 2240 4005 operi
2294 3925 2644 4007 incubuit,
2715 3925 2791 3987 ut
2847 3939 3047 3987 anno

805 4032 976 4097 1850
1000 4051 1150 4096 rem
1179 4037 1404 4096 totam
1452 4032 1770 4096 absolvit
1805 4031 1900 4095 ad
1964 4033 2308 4115 antiquae
2362 4031 2845 4115 legislationis
2897 4046 3049 4094 me-

801 4141 1057 4205 liorem
1112 4139 1675 4222 intelligentiam
1738 4142 1812 4203 et
1871 4139 2223 4205 historiae
2287 4140 2575 4225 patriae
2634 4137 3053 4223 pleniorem

805 4247 1136 4313 notitiam
1171 4248 1746 4348 profectumque.
