3332 5100
1734 294 2010 349 -2-

754 454 914 522 pez,
966 435 1641 521 Schmalzgrueber‚
1703 436 2012 521 aliisque
2066 454 2211 500 non
2266 435 2544 518 pauciS,
2599 434 2813 501 docet
2868 456 2989 502 vo·

755 563 912 629 cem
943 546 1075 611 Jus
1099 545 1142 609 a
1168 544 1369 609 nulla
1393 545 1542 609 alia
1564 544 1988 627 procedere,
2018 544 2147 609 sed
2180 543 2627 627 primitivam
2650 561 2835 609 esse:
2867 530 2992 628 qui

751 651 856 715 ita
890 656 1291 734 autumant,
1325 669 1454 734 pro
1489 669 1622 715 sua
1657 651 2023 715 sententia
2059 649 2422 732 duplicem
2456 650 2815 716 rationem
2865 652 2986 715 ad-

755 760 1047 841 ducunt,
1085 760 1711 843 grammaticalem
1744 777 2004 841 nempe
2030 760 2153 825 vel
2205 759 2724 842 philologicam
2774 764 2992 843 atque

753 867 1352 950 philosophicam.
1382 868 1799 952 Philoloyico
1828 870 1953 930 aut
1976 868 2425 952 yrammatice
2454 872 2848 948 perspecta
2882 884 2987 948 re,

753 978 1010 1056 aperte
1036 975 1264 1057 liquet
1289 990 1548 1039 vocem
1572 972 1617 1039 J
1623 992 1703 1037 us
1730 973 2247 1056 simpliciorem
2274 992 2435 1039 esse
2463 976 2789 1057 qualibet
2816 975 2987 1059 alia,

755 1097 847 1144 ex
880 1098 1024 1163 qua
1058 1081 1410 1163 originem
1446 1080 1712 1145 ducere
1747 1081 1999 1165 possit,
2037 1099 2208 1146 nam
2256 1081 2493 1164 ipsum
2528 1100 2794 1149 nomen
2831 1084 2989 1149 Jus-

752 1187 912 1251 titia
938 1186 1151 1267 juxta
1181 1185 1487 1251 Marium
1521 1184 1894 1268 Paganum
1923 1187 2380 1269 com-ponitur
2415 1204 2507 1251 ex
2550 1188 2724 1253 Jure
2758 1194 2822 1253 et
2853 1196 2991 1255 sta·

755 1295 954 1377 tione,
991 1298 1066 1359 et
1095 1294 1398 1359 limitem
1423 1294 1608 1376 juris
1643 1293 1966 1375 denotat3
2005 1293 2136 1359 sed
2170 1300 2618 1378 compertum
2668 1299 2779 1360 est
2826 1297 2990 1361 sim-

754 1402 1016 1484 plicius
1050 1402 1450 1485 putandum
1485 1402 1699 1466 simul
1735 1402 1965 1484 magis
2022 1403 2495 1485 primitivum;
2558 1422 2707 1469 vox
2773 1404 2993 1486 igitur

750 1510 885 1576 Jus
919 1510 1291 1592 primitiva
1326 1509 1694 1573 censenda
1720 1510 1880 1574 erit.
1942 1508 2015 1575 Si
2074 1528 2191 1574 res
2249 1511 2469 1574 etiam
2516 1512 2993 1597 philosophice

753 1618 1206 1700 inspiciatur,
1244 1614 1619 1681 fatendum
1656 1619 1770 1681 est
1805 1635 2015 1681 omne
2048 1618 2379 1697 verbum,
2414 1636 2506 1681 ex
2532 1636 2673 1701 quo
2706 1620 2839 1685 Jus
2874 1618 2993 1683 de-

753 1723 1060 1806 rivetur,
1099 1723 1459 1806 posterius
1489 1740 1650 1787 esse
1670 1724 1861 1805 jure,
1893 1723 2109 1806 idque
2144 1725 2509 1806 supponit3
2564 1725 2767 1807 atqui
2815 1724 2995 1802 illud

756 1832 948 1915 quod
1002 1832 1433 1913 supponitur
1468 1830 1703 1913 logice
1731 1831 1928 1912 prius
1964 1836 2074 1895 est
2106 1848 2211 1911 re,
2253 1850 2439 1915 quae
2476 1833 2844 1915 supponit,
2884 1850 2991 1897 er-

755 1958 845 2023 go
871 1941 1003 2006 Jus
1030 1940 1314 2003 ratione
1342 1924 1614 2002 ordinis
1642 1939 2025 2020 prioritate
2053 1944 2383 2020 praestat
2410 1940 2834 2024 cuicumque
2866 1959 2991 2005 vo-

755 2048 1042 2129 cabulO,
1080 2064 1172 2111 ex
1207 2064 1346 2129 quo
1383 2045 1794 2110 derivatum
1830 2045 2003 2127 fingi
2040 2052 2287 2129 queat,
2324 2046 2632 2129 ideoque
2691 2046 2991 2130 primiti-

754 2171 924 2219 vum
959 2151 1371 2218 habendum
1397 2156 1531 2216 est.

929 2260 1138 2325 Aliie
1177 2265 1433 2325 contra
1465 2266 1800 2325 asserunt
1831 2260 2184 2343 ejusmodi
2248 2280 2507 2327 vocem
2568 2262 2993 2327 derivatam
3046 2334 3055 2343 ,

753 2385 938 2433 esse.
974 2366 1200 2432 Juxta
1245 2368 1663 2451 Ulpianum,
1707 2386 2085 2433 romanum
2114 2370 2647 2452 jurisperitum,
2687 2387 2835 2435 vox
2862 2370 2994 2435 Jus

756 2479 991 2541 ortum
1015 2474 1236 2539 habet
1287 2493 1330 2539 a
1363 2476 1686 2558 Justitia,·
1721 2475 1953 2541 Divus
1984 2476 2306 2540 Isidorus
2334 2476 2792 2559 Hispalensis
2832 2495 2994 2541 eam

753 2583 1020 2663 repetit
1053 2600 1145 2647 ex
1159 2586 1430 2670 justu&
1466 2584 1932 2665 Raymundus
1967 2583 2279 2647 Michael
2306 2588 2377 2647 et
2412 2583 2733 2648 Marchio
2770 2602 2815 2647 a
2852 2584 2993 2648 Mo-

752 2694 966 2758 rante
998 2691 1072 2755 in
1105 2708 1233 2755 suo
1269 2708 1531 2774 magno
1592 2691 2037 2757 Dictionario
2095 2690 2346 2756 Latino
2385 2708 2476 2755 ex
2518 2691 2825 2779 jubendo
2875 2691 2995 2755 vel

737 2800 974 2886 jussu.
1655 2883 1663 2890 ·

931 2901 1184 2984 Quoad
1217 2921 1475 2968 vocem
1519 2903 1975 2986 hispanicam
2010 2906 2341 2988 Dei-echo,
2376 2906 2515 2971 hoc
2557 2905 2995 2972 vocabulum

753 3009 1227 3093 proculdubio
1255 3009 1665 3075 derivatum
1696 3015 1829 3094 est,
1863 3015 2105 3095 atque,
2134 3013 2351 3094 Juxta
2378 3013 2698 3078 Rochum
2733 3012 2997 3078 Barcia

753 3116 828 3180 in
859 3117 1298 3183 Dictionario
1327 3117 1819 3204 Etymoloyico,
1854 3137 1898 3182 a
1932 3119 2193 3186 directo
2218 3119 2572 3202 procedit,
2605 3119 2991 3202 participio

755 3224 1051 3307 passivo
1083 3225 1293 3288 verbi
1325 3224 1533 3289 latini
1568 3225 1821 3310 diriyo,
1862 3226 2033 3308 quia
2058 3227 2180 3307 Jus
2231 3231 2341 3290 est
2394 3227 2675 3309 regula,
2742 3242 2997 3290 norma

754 3348 883 3396 seu
917 3331 1064 3414 via,-
1093 3348 1281 3414 quae
1312 3331 1677 3396 hominem
1711 3332 1784 3396 in
1820 3333 1967 3397 suis
2002 3331 2285 3397 actibus
2338 3334 2582 3416 dirigit
2646 3333 2739 3400 ad
2788 3350 2996 3397 suum

753 3439 969 3504 finem
1003 3438 1558 3522 assequendum.

932 3545 997 3610 3.
1091 3545 1254 3610 Vox
1269 3546 1692 3632 jus,‚inquit
1726 3546 2175 3629 Tapparelli,
2199 3547 2274 3612 in
2303 3546 2632 3612 omnibus
2660 3547 2844 3629 juris
2880 3564 2995 3611 co·
3034 3593 3037 3598 -

754 3651 1216 3717 llectionibus
1248 3653 1442 3716 idem
1473 3654 1679 3718 valet
1717 3671 1803 3717 ac
1837 3660 2097 3718 rectam
2131 3655 2252 3719 vel
2308 3656 2670 3739 directum
2721 3654 2889 3717 hinc
2922 3653 2997 3716 in

755 3758 1006 3842 lingua
1024 3763 1276 3824 nostra
1294 3761 1701 3826 vernacula
1720 3761 1901 3826 scite
1930 3765 2001 3825 et
2025 3763 2322 3845 proprie
2348 3768 2698 3844 usurpata
2734 3764 2845 3825 est
2878 3759 2994 3824 de-

756 3866 1152 3932 nominatio
1188 3868 1525 3950 Derecho,
1565 3873 1643 3932 ut
1678 3872 1898 3932 antea
1933 3868 2267 3952 diximus,
2306 3869 2514 3952 quasi
2571 3889 2837 3950 norma,
2878 3869 2998 3932 vel

754 3975 996 4061 regula
1032 3973 1351 4057 dirigens
1385 3974 1750 4040 hominem
1784 3975 1879 4039 ad
1912 3975 2024 4039 sui
2048 3976 2209 4040 finis
2245 3977 2857 4040 consecutionem.

931 4081 1117 4148 Huic
1147 4083 1425 4148 notioni
1463 4087 1681 4165 atque
1716 4082 2251 4148 fundamentali
2286 4083 2495 4148 ideae
2554 4084 2998 4150 rectitudinis

759 4190 1203 4256 adamussim
1239 4190 1687 4274 respondent
1720 4190 2015 4257 diversa
2042 4191 2360 4274 nomina,
2384 4190 2640 4274 quibus
2664 4189 2995 4273 plurimis
