3332 5100
1727 361 2083 421 -290-

785 507 1155 574 Pontificis
1182 505 1482 572 decreta
1518 504 1897 571 duodecim
1929 503 2291 589 prioribus
2317 504 2790 571 Pontificatus
2818 503 3032 570 annis

786 615 1007 697 edita,
1044 614 1136 679 ab
1174 631 1362 678 anno
1390 612 1676 678 scilicet
1711 611 1885 677 1198
1917 611 2012 676 ad
2044 630 2311 677 annum
2368 611 2565 694 1210,
2636 613 3030 696 congessit.

964 721 1163 787 Idem
1197 720 1665 786 Innocentius
1701 720 2207 785 collectionem
2250 720 2663 785 confectam
2719 721 2841 785 vel
2879 738 3036 785 cor-

787 832 1066 897 rectam
1099 846 1230 912 per
1261 827 1556 893 Petrum
1615 827 2218 892 Beneventanum
2282 826 2376 890 ad
2437 828 2817 892 universos
2886 846 3037 892 ma-

788 937 1056 1022 gistros
1089 940 1163 1002 et
1197 937 1571 1001 scholares
1609 935 1983 1000 Bononiae
2016 933 2209 999 misit
2239 938 2316 998 ut
2346 951 2434 998 ea
2467 937 2846 999 uterentur
2884 937 3040 999 tum

788 1045 863 1110 in
879 1044 1198 1127 judiciis,
1240 1047 1389 1109 tum
1423 1044 1498 1109 in
1531 1042 1831 1109 scholiS.
1872 1042 2076 1108 Haec
2111 1041 2531 1125 compilatio
2566 1042 2803 1108 Tertia
2838 1043 3041 1108 dicta

791 1155 902 1216 est
915 1153 1182 1237 prima,
1233 1169 1422 1235 quae
1452 1150 1822 1216 Pontificis
1876 1150 2171 1214 oraculo
2238 1153 2311 1214 et
2374 1150 2811 1214 auctoritate
2875 1169 3041 1233 pro-

793 1259 1120 1341 mulgata
1169 1276 1258 1323 ac
1291 1259 1768 1340 comprobata
1804 1258 1962 1341 fuit,
2019 1261 2091 1322 et
2146 1257 2523 1323 declarata
2583 1257 3039 1341 authentica,

791 1367 1115 1449 vereque
1150 1366 1528 1449 proposita
1563 1369 1642 1430 ut
1677 1365 1910 1430 codex
1942 1365 2018 1429 in
2047 1382 2129 1429 re
2163 1365 2693 1448 ecclesiastica,
2749 1384 2899 1431 non
2932 1383 3043 1431 se-

792 1491 920 1540 cus
952 1491 1039 1539 ac
1076 1473 1312 1539 codex
1334 1473 1379 1538 J
1385 1473 1730 1539 ustiniani
1757 1474 1833 1538 in
1863 1491 1944 1539 re
1979 1472 2201 1539 civili.

971 1579 1124 1645 261.
1221 1579 1406 1644 Huic
1441 1580 1859 1645 collectioni
1904 1581 2122 1663 paulo
2158 1583 2321 1663 post
2361 1577 2627 1656 Quarta
2696 1581 3043 1652 accessit,

796 1689 1114 1753 auctoris
1148 1688 1401 1772 ignoti,
1438 1690 1567 1755 sed
1600 1691 1733 1755 sub
1767 1691 1994 1772 ipsius
2027 1689 2435 1756 Innocentii
2461 1691 2806 1773 auspiciis
2838 1691 3047 1755 evul-

797 1800 998 1878 gata,
1037 1800 1110 1860 et
1142 1793 1408 1879 partim
1440 1814 1531 1862 ex
1567 1798 2088 1879 posterioribus
2127 1798 2244 1879 huj
2259 1815 2337 1861 us
2371 1798 2739 1864 Pontificis
2774 1798 3051 1863 Decre-

798 1904 1086 1988 talibus,
1122 1906 1387 1984 partim
1424 1924 1602 1971 vero
1637 1924 1730 1971 ex
1762 1906 2162 1970 canonibus
2226 1904 2534 1972 Concilii
2595 1906 3051 1971 Lateranen·

797 2012 896 2078 sis
922 2012 1045 2094 IV,
1078 2033 1272 2078 anno
1305 2012 1475 2077 1215
1508 2012 1764 2094 habiti,
1794 2013 2258 2078 concinnata.

977 2120 1131 2185 262.
1226 2119 1399 2185 Post
1429 2120 1933 2184 Innocentium
1964 2119 2070 2184 III
2106 2119 2468 2184 Honorius
2496 2118 2605 2184 III
2630 2119 3054 2201 exemplum

798 2231 1088 2292 secutus
1124 2226 1548 2291 Decessoris
1582 2228 1719 2307 sui,
1756 2228 1992 2292 voluit
2057 2227 2277 2291 etiam
2336 2244 2628 2290 suarum
2685 2225 3055 2291 Constitu-

799 2334 1072 2398 tionum
1112 2335 1619 2399 collectionem
1655 2334 1897 2416 edere,
1966 2333 2377 2417 editamque
2436 2334 2837 2409 Bononiam
2888 2336 3056 2398 mit-

800 2445 980 2507 tere:
1034 2441 1202 2506 inde
1266 2440 1536 2525 prodiit
1575 2439 1831 2517 Quinta
1894 2443 2199 2507 collectio
2262 2440 2784 2522 Decretalium,
2858 2460 3056 2524 quae

800 2549 1021 2614 missa
1072 2548 1308 2614 estad
1340 2549 1725 2632 quemdam
1773 2538 2255 2631 Tancredum,
2313 2548 2500 2631 juris
2557 2549 3057 2631 professorem

798 2658 874 2722 in
909 2658 1387 2723 universitate
1420 2657 1859 2722 Bononiensi
1886 2657 2005 2742 (l),
2039 2662 2116 2724 ut
2151 2675 2311 2722 eam
2347 2658 2710 2739 reciperet
2762 2660 2832 2721 et
2864 2656 3058 2721 reci-

800 2766 877 2847 pi
901 2766 1181 2830 faceret
1207 2770 1358 2831 tam
1393 2766 1468 2828 in
1494 2765 1813 2846 judiciis,
1853 2783 2069 2848 quam
2096 2766 2171 2829 in
2204 2764 2475 2829 scholis
2512 2763 2634 2847 (2).

981 2871 1130 2937 263.
1249 2871 1582 2955 Quinque
1647 2877 2093 2936 memoratae
2157 2872 2850 2954 ante-gregorianae
2907 2872 3059 2935 col-

801 2980 1152 3046 lectiones
1215 2980 1538 3046 historice
1571 2984 1981 3062 spectatae,
2021 2983 2294 3060 aetate,
2349 2997 2494 3061 qua
2558 2978 2799 3043 editae
2854 2983 3055 3060 sunt,

802 3106 1009 3153 usum
1043 3088 1769 3170 acceptationemque
1805 3086 2296 3168 obtinuerunt3
2336 3086 2465 3151 sed
2497 3085 2711 3150 hodie
2759 3102 2891 3169 per
2929 3104 3060 3150 no-

804 3213 975 3259 vam
1002 3195 1508 3258 collectionem
1546 3213 1589 3258 a
1626 3191 1982 3275 Gregorio
2018 3193 2148 3274 IX,
2180 3193 2301 3276 qui
2333 3192 2656 3257 Honorio
2720 3192 2828 3258 III
2893 3210 3061 3258 suc-

808 3305 1157 3382 cesserat,
1191 3301 1620 3364 adornatam
1651 3302 1756 3364 ita
1791 3300 2215 3384 antiquatae
2252 3300 2727 3382 devenerunt,
2783 3303 2863 3364 ut
2898 3302 3063 3366 nul-

804 3409 953 3472 lam
1015 3407 1525 3472 auctoritatem
1561 3407 1841 3472 faciant
1884 3408 2007 3473 vel
2041 3408 2116 3471 in
2142 3406 2461 3490 judiciiS,
2492 3407 2614 3473 vel
2650 3408 2723 3471 in
2752 3407 3059 3489 scholiS,

804 3517 1180 3599 solumque
1214 3516 1421 3580 nobis
1456 3515 1804 3581 exhibent
1838 3514 2201 3600 quoddam
2235 3521 2777 3580 monumentum
2820 3517 3060 3581 scien·

945 3713 1023 3779 (1)
1095 3711 1466 3765 Innocentius
1498 3709 1763 3765 Cironius
1792 3714 2052 3764 autumat
2076 3711 2397 3764 Honorium
2447 3711 2535 3765 111
2574 3726 2736 3764 suam
2779 3711 3067 3764 collectio-

807 3800 939 3839 nem
967 3800 1084 3838 non
1111 3784 1184 3837 ad
1209 3782 1508 3837 universos
1537 3784 1840 3848 magistros
1867 3787 1925 3835 et
1950 3784 2241 3835 scholares
2285 3782 2563 3850 mississe,
2597 3786 2659 3836 ut
2709 3783 2925 3835 fecerat
2973 3784 3065 3836 In-

807 3858 1111 3910 nocentius
1137 3854 1244 3917 111,
1272 3854 1375 3907 sed
1400 3854 1473 3907 ad
1498 3870 1669 3907 usum
1695 3859 1919 3907 tantum
1948 3854 2333 3921 professorum
2371 3855 2750 3920 singulariter,
2798 3870 2865 3905 eo
2902 3856 3063 3920 quod

808 3931 1063 3996 potestas
1089 3933 1148 3980 et
1173 3928 1417 3994 populus
1447 3925 1737 3979 Bononiae
1780 3926 2000 3993 jamdiu
2027 3926 2099 3978 ab
2126 3926 2462 3979 Innocentio
2492 3926 2579 3977 III
2622 3926 2971 3991 defecerant,
2999 3930 3063 3978 ut

807 3999 1183 4052 adhaererent
1211 3997 1425 4051 Othoni
1452 3997 1539 4049 III
1567 3998 1884 4059 Austriaco,
1924 4013 2023 4064 per
2076 3999 2394 4051 Romanum
2450 3997 2783 4049 Pontificem
2833 4012 3066 4049 excom·

808 4073 1114 4138 manicam,
1143 4069 1216 4122 ab
1244 4069 1490 4135 Imperio
1518 4070 1757 4136 dejectO,
1786 4075 1844 4122 et
1869 4070 1927 4121 in
1955 4070 2203 4122 Saxonia
2230 4068 2510 4121 catholica
2534 4073 2776 4121 mortu0.

952 4144 1028 4203 (2)
1116 4141 1372 4204 Quatuor
1421 4143 1637 4207 priores
1689 4141 2051 4193 collectiones
2107 4142 2386 4193 Antonius
2437 4140 2794 4207 Augustinus
2844 4141 3059 4207 (1575),

809 4211 1068 4336 ᾳυίηιεέῑι
1116 4213 1490 4267 Innocentius
1545 4211 1811 4267 Ciromus
1867 4214 2051 4280 (1646)
2094 4212 2249 4279 typis
2298 4212 2546 4275 edidere,
2594 4213 2859 4278 notisque
2902 4212 3061 4264 illus-

809 4294 1002 4337 trarun
1035 4324 1045 4336 .
