3332 5100
1563 404 1921 465 —182--

623 553 768 619 Alii
805 570 961 617 cum
1001 550 1353 615 canonico
1387 549 1723 633 Philippo
1752 549 1841 614 de
1867 549 2167 632 Angelis
2204 547 2650 613 contendunt
2684 546 2862 614 Con-

623 658 926 724 cordata
952 675 1110 722 esse
1135 665 1356 742 pacta
1380 658 1987 742 synallaqmatica,
2020 656 2142 719 alii
2175 674 2355 721 vero
2389 673 2550 720 cum
2586 658 2858 720 Emmo,

625 765 928 831 Camillo
963 765 1312 847 Tarquini
1345 765 1741 829 defendunt
1797 766 1985 828 inter
2022 765 2408 849 privileqia
2476 782 2862 826 accensen-

625 872 718 937 da
741 890 925 936 esse.

800 977 938 1058 Qui
969 977 1278 1060 primam
1335 978 1774 1043 sententiam
1830 980 2105 1059 tenent,
2172 994 2334 1041 cum
2391 975 2503 1040 De
2560 978 2858 1058 Angelis

623 1086 718 1170 (1)
755 1085 1214 1150 Concordata
1273 1084 1645 1151 definiunt:
1683 1086 2049 1150 Pactiones
2109 1085 2293 1149 inter
2354 1082 2738 1148 Ecclesiam
2804 1094 2866 1150 et

620 1191 914 1271 Statum,
956 1192 1198 1275 quibus
1231 1191 1546 1258 Ecclesia
1579 1194 1662 1258 de
1702 1193 2028 1256 exercitio
2063 1211 2345 1255 suorum
2391 1192 2668 1277 jurium
2734 1194 2864 1254 ali-

623 1301 790 1383 quid
815 1301 1104 1364 remittit
1129 1299 1375 1384 favore
1410 1299 1671 1383 Status,
1708 1300 1898 1384 eiqu'e
1953 1298 2287 1364 nonnulla
2322 1300 2644 1378 concedit,
2676 1308 2748 1362 ut
2782 1302 2864 1362 ab

625 1429 698 1473 eo
722 1413 1038 1492 protecta
1075 1407 1224 1471 Deo
1260 1427 1382 1471 suo
1417 1428 1660 1472 secura
1683 1408 1913 1491 possit
1946 1407 2207 1470 servire
2239 1406 2576 1470 libertate.

802 1511 938 1593 Qui
980 1521 1220 1576 autem
1258 1513 1571 1577 alteram
1605 1519 1897 1577 tuentur
1943 1512 2405 1593 sententiam,
2466 1512 2720 1592 quibus
2786 1512 2864 1574 li-

624 1619 882 1683 benter
915 1620 1382 1700 assentimur,
1454 1637 1613 1683 cum
1682 1620 2031 1700 Tarquini
2089 1619 2184 1703 (2)
2249 1616 2708 1682 Concordata
2764 1620 2866 1680 ita

626 1725 995 1789 definiunt:
1035 1725 1182 1789 Leoe
1201 1726 1677 1808 particularis
1732 1726 2196 1790 ecclesiastica
2236 1745 2375 1809 pro
2432 1726 2668 1808 aliquo
2722 1746 2866 1810 rey-

624 1855 730 1916 n0,
758 1832 1022 1897 Summi
1053 1833 1409 1919 Pontificis
1436 1834 1849 1898 auctoritate
1884 1833 2069 1896 edita
2095 1832 2190 1896 ad
2219 1833 2630 1896 instantiam
2662 1834 2864 1894 Prin-

625 1940 801 2022 cipis
835 1939 984 2024 ejus
1008 1939 1166 2019 loci,
1199 1939 1491 2022 speciali
1538 1939 1843 2024 ejusdem
1879 1939 2236 2022 Principis
2269 1939 2678 2021 obliqatione
2714 1958 2864 2000 con-

616 2049 899 2132 firmata
933 2066 1003 2109 se
1037 2066 1187 2109 eam
1208 2051 1547 2128 perpetuo
1581 2052 2045 2110 servaturum.
2090 2043 2355 2108 Sensus
2388 2050 2463 2107 et
2499 2046 2866 2124 utriusque

626 2152 1062 2217 definitionis
1089 2152 1484 2232 explicatio
1520 2168 1614 2215 ex
1651 2151 1975 2215 dicendis
2010 2151 2318 2233 patebit.

804 2257 956 2321 162.
1052 2257 1149 2321 Ut
1183 2265 1415 2322 status
1473 2259 1921 2340 quaestionis
1986 2257 2245 2322 melius
2301 2258 2862 2340 internoscatur,

626 2364 1176 2430 animadvetere
1212 2371 1524 2448 oportet,
1563 2366 1638 2429 in
1671 2363 2150 2429 Concordatis
2209 2365 2346 2429 duo
2414 2383 2574 2429 esse
2622 2366 2866 2428 distin-

623 2471 938 2555 guenda,
975 2472 1343 2555 videlicet,
1382 2479 1710 2537 naturam
1765 2489 1894 2536 seu
1950 2472 2365 2553 essentiam,
2436 2477 2510 2535 et
2566 2472 2866 2556 formam

625 2581 1105 2644 eoetrinsecam.
1157 2577 1412 2659 Quoad
1461 2580 1766 2664 formam
1835 2580 2351 2663 extrinsecam,
2416 2588 2694 2644 certum
2760 2584 2871 2640 est

628 2697 699 2751 et
733 2690 1007 2769 absque
1043 2688 1189 2751 ulla
1225 2687 1677 2751 dubitatione
1741 2688 1937 2768 apud
1992 2704 2238 2751 omnes
2306 2694 2680 2769 receptum
2742 2688 2872 2748 illa

625 2796 944 2877 speciem
980 2795 1499 2860 conventionum
1532 2793 1830 2857 habere:
1889 2793 1965 2857 id
1999 2795 2190 2881 enim
2224 2794 2480 2876 aperte
2516 2794 2742 2875 liquet
2776 2811 2870 2855 ex

628 2899 934 2985 actibuS,
974 2902 1231 2985 quibus
1267 2902 1456 2964 inter
1491 2906 1873 2983 utramque
1908 2906 2348 2983 potestatem
2411 2899 2872 2965 concordata

629 3017 1195 3095 praeparantur,
1233 3008 1760 3072 contrahuntur
1794 3016 1867 3072 et
1928 3009 2509 3091 promulgantur3
2574 3027 2742 3071 nam
2794 3009 2872 3071 in

625 3120 736 3184 his
769 3120 1154 3184 exhibetur
1188 3119 1530 3182 solemnis
1588 3124 2009 3181 contractus
2074 3119 2576 3200 promissionis
2646 3119 2870 3181 utrin-

628 3246 767 3311 que
799 3230 1042 3292 factae
1076 3232 1149 3291 et
1181 3233 1636 3308 acceptatae.
2519 3290 2528 3294 ,

805 3334 1059 3415 Quoad
1115 3342 1467 3416 naturam,
1519 3334 1625 3397 uti
1679 3351 1902 3416 supra
1964 3332 2474 3418 indicavimUS,
2528 3353 2668 3397 non
2728 3351 2872 3399 una

627 3445 1026 3527 eademque
1081 3452 1192 3508 est
1261 3446 1808 3508 canonistarum
1890 3445 2279 3509 sententia.
2366 3444 2478 3509 De
2542 3447 2866 3527 Angelis,

628 3551 840 3617 Oard.
874 3552 1144 3636 Soglia,
1180 3553 1677 3636 Brabandere,
1716 3554 2029 3618 Turinaz
2083 3555 2354 3638 aliique
2410 3556 2596 3619 bene
2664 3555 2872 3619 multi

628 3662 997 3726 affirmant
1024 3661 1482 3726 Concordata
1519 3663 1748 3728 veluti
1781 3680 1959 3728 vera
1994 3672 2214 3746 pacta
2258 3665 2870 3747 synallagmatica

628 3789 756 3836 seu
790 3775 1208 3835 contractus
1271 3771 1695 3835 bilaterales
1761 3772 2089 3835 strictam
2158 3773 2674 3855 obligationem
2722 3775 2872 3853 jus-

627 3879 832 3943 titiae
865 3880 942 3943 in
976 3883 1283 3959 utroque
1317 3877 1795 3942 contrahente
1827 3878 2258 3944 inducentes
2285 3897 2445 3945 esse
2480 3881 2868 3963 censenda,

629 4003 722 4051 ex
756 4004 841 4051 eo
885 3986 1075 4068 quod
1105 4002 1374 4051 revera
1433 3994 1600 4049 sunt
1655 3986 2017 4051 solemnes
2075 3988 2455 4070 pactiones
2511 3989 2700 4053 inter
2756 4007 2870 4053 su-

769 4267 852 4333 (1)
923 4261 1322 4318 Praelectiones
1346 4264 1507 4320 Juris
1537 4264 1815 4333 Canouiei,
1842 4264 1955 4319 vol.
1978 4264 2021 4317 Ι.

770 4342 848 4412 (2)
921 4335 1084 4391 Juris
1108 4337 1479 4392 Ecclesiastici
1498 4336 1717 4392 Publici
1741 4334 2141 4406 Restitutiones,
2160 4335 2257 4388 lib.
2282 4335 2329 4404 Ι,
2359 4350 2480 4403 cap.
2505 4341 2554 4403 2,
2584 4341 2686 4391 art.
2726 4343 2772 4389 1.
2822 4357 2836 4371 ·
