<?xml version="1.0" encoding="UTF-8"?>
<!DOCTYPE html PUBLIC "-//W3C//DTD XHTML 1.0 Transitional//EN"
    "http://www.w3.org/TR/xhtml1/DTD/xhtml1-transitional.dtd">
<html xmlns="http://www.w3.org/1999/xhtml" xml:lang="en" lang="en">
 <head>
  <title>
</title>
<meta http-equiv="Content-Type" content="text/html;charset=utf-8" />
  <meta name='ocr-system' content='tesseract 3.04.00' />
  <meta name='ocr-capabilities' content='ocr_page ocr_carea ocr_par ocr_line ocrx_word'/>
</head>
<body>
  <div class='ocr_page' id='page_1' title='image "./introductioinju00ferngoog_0024.png"; bbox 0 0 3332 5100; ppageno 0'>
   <div class='ocr_carea' id='block_1_1' title="bbox 1665 293 1939 350">
    <p class='ocr_par' dir='ltr' id='par_1_1' title="bbox 1665 293 1939 350">
     <span class='ocr_line' id='line_1_1' title="bbox 1665 293 1939 350; baseline -0.007 -14"><span class='ocrx_word' id='word_1_1' title='bbox 1665 293 1939 350; x_wconf 74' lang='grc'>...4.-</span> 
     </span>
    </p>
   </div>
   <div class='ocr_carea' id='block_1_2' title="bbox 685 435 2925 626">
    <p class='ocr_par' dir='ltr' id='par_1_2' title="bbox 685 435 2925 626">
     <span class='ocr_line' id='line_1_2' title="bbox 685 435 2923 518; baseline -0 -16"><span class='ocrx_word' id='word_1_2' title='bbox 685 436 1131 502; x_wconf 90' lang='lat' dir='ltr'><strong>solummodo</strong></span> <span class='ocrx_word' id='word_1_3' title='bbox 1159 436 1355 500; x_wconf 90' lang='lat' dir='ltr'><strong>ducit</strong></span> <span class='ocrx_word' id='word_1_4' title='bbox 1389 436 1742 518; x_wconf 83' lang='lat' dir='ltr'>originem</span> <span class='ocrx_word' id='word_1_5' title='bbox 1811 439 1885 500; x_wconf 91' lang='lat' dir='ltr'><strong>et</strong></span> <span class='ocrx_word' id='word_1_6' title='bbox 1948 435 2403 517; x_wconf 87' lang='lat' dir='ltr'><strong>dignitatem,</strong></span> <span class='ocrx_word' id='word_1_7' title='bbox 2475 436 2923 518; x_wconf 88' lang='lat' dir='ltr'><strong>quandoqui-</strong></span> 
     </span>
     <span class='ocr_line' id='line_1_3' title="bbox 687 542 2925 626; baseline 0 -17"><span class='ocrx_word' id='word_1_8' title='bbox 687 544 849 609; x_wconf 90' lang='lat' dir='ltr'><strong>dem</strong></span> <span class='ocrx_word' id='word_1_9' title='bbox 881 542 1078 608; x_wconf 90' lang='lat' dir='ltr'><strong>solus</strong></span> <span class='ocrx_word' id='word_1_10' title='bbox 1106 543 1302 607; x_wconf 87' lang='lat' dir='ltr'><strong>Deus</strong></span> <span class='ocrx_word' id='word_1_11' title='bbox 1331 543 1533 624; x_wconf 85' lang='lat' dir='ltr'><strong>origo</strong></span> <span class='ocrx_word' id='word_1_12' title='bbox 1563 547 1783 624; x_wconf 87' lang='lat' dir='ltr'><strong>atque</strong></span> <span class='ocrx_word' id='word_1_13' title='bbox 1812 543 2246 625; x_wconf 88' lang='lat' dir='ltr'><strong>principium</strong></span> <span class='ocrx_word' id='word_1_14' title='bbox 2274 543 2504 608; x_wconf 88' lang='lat' dir='ltr'><strong>omnis</strong></span> <span class='ocrx_word' id='word_1_15' title='bbox 2533 546 2925 626; x_wconf 85' lang='lat' dir='ltr'><strong>aequitatis</strong></span> 
     </span>
    </p>
   </div>
   <div class='ocr_carea' id='block_1_3' title="bbox 684 649 2940 3095">
    <p class='ocr_par' dir='ltr' id='par_1_3' title="bbox 686 649 2929 841">
     <span class='ocr_line' id='line_1_4' title="bbox 686 649 2929 734; baseline 0 -18"><span class='ocrx_word' id='word_1_16' title='bbox 686 652 759 716; x_wconf 89' lang='lat' dir='ltr'><strong>et</strong></span> <span class='ocrx_word' id='word_1_17' title='bbox 792 650 1245 716; x_wconf 80' lang='lat' dir='ltr'><strong>auctoritatis</strong></span> <span class='ocrx_word' id='word_1_18' title='bbox 1282 649 1375 712; x_wconf 91' lang='lat' dir='ltr'><strong>sit</strong></span> <span class='ocrx_word' id='word_1_19' title='bbox 1407 653 1481 714; x_wconf 90' lang='lat' dir='ltr'><strong>et</strong></span> <span class='ocrx_word' id='word_1_20' title='bbox 1506 649 1599 715; x_wconf 90' lang='lat' dir='ltr'><strong>ab</strong></span> <span class='ocrx_word' id='word_1_21' title='bbox 1627 650 1783 733; x_wconf 89' lang='lat' dir='ltr'><strong>ipso</strong></span> <span class='ocrx_word' id='word_1_22' title='bbox 1813 650 1961 715; x_wconf 86' lang='lat' dir='ltr'><strong>vim</strong></span> <span class='ocrx_word' id='word_1_23' title='bbox 1987 653 2059 713; x_wconf 91' lang='lat' dir='ltr'><strong>et</strong></span> <span class='ocrx_word' id='word_1_24' title='bbox 2085 650 2527 733; x_wconf 80' lang='lat' dir='ltr'><strong>aequitatem</strong></span> <span class='ocrx_word' id='word_1_25' title='bbox 2557 652 2929 734; x_wconf 84' lang='lat' dir='ltr'><strong>accipiant</strong></span> 
     </span>
     <span class='ocr_line' id='line_1_5' title="bbox 689 755 1301 841; baseline -0.007 -17"><span class='ocrx_word' id='word_1_26' title='bbox 689 759 891 841; x_wconf 86' lang='lat' dir='ltr'><strong>leges</strong></span> <span class='ocrx_word' id='word_1_27' title='bbox 915 755 1301 822; x_wconf 89' lang='lat' dir='ltr'><strong>humanae.</strong></span> 
     </span>
    </p>

    <p class='ocr_par' dir='ltr' id='par_1_4' title="bbox 684 863 2928 1268">
     <span class='ocr_line' id='line_1_6' title="bbox 861 863 2927 930; baseline 0 -2"><span class='ocrx_word' id='word_1_28' title='bbox 861 864 935 928; x_wconf 87' lang='lat'><strong>6.·</strong></span> <span class='ocrx_word' id='word_1_29' title='bbox 1026 863 1196 928; x_wconf 84' lang='lat' dir='ltr'><strong>Tria</strong></span> <span class='ocrx_word' id='word_1_30' title='bbox 1264 865 1742 927; x_wconf 77' lang='lat' dir='ltr'><strong>recensentur</strong></span> <span class='ocrx_word' id='word_1_31' title='bbox 1816 863 2289 929; x_wconf 87' lang='lat' dir='ltr'><strong>constitutiva</strong></span> <span class='ocrx_word' id='word_1_32' title='bbox 2359 866 2433 929; x_wconf 89' lang='lat' dir='ltr'><strong>et</strong></span> <span class='ocrx_word' id='word_1_33' title='bbox 2503 864 2927 930; x_wconf 81' lang='lat' dir='ltr'><strong>essentialia</strong></span> 
     </span>
     <span class='ocr_line' id='line_1_7' title="bbox 686 968 2926 1056; baseline 0.001 -20"><span class='ocrx_word' id='word_1_34' title='bbox 686 972 1051 1036; x_wconf 89' lang='lat' dir='ltr'><strong>elementa</strong></span> <span class='ocrx_word' id='word_1_35' title='bbox 1084 970 1313 1034; x_wconf 88' lang='lat' dir='ltr'><strong>omnis</strong></span> <span class='ocrx_word' id='word_1_36' title='bbox 1340 969 1550 1051; x_wconf 85' lang='lat' dir='ltr'><strong>jnris,</strong></span> <span class='ocrx_word' id='word_1_37' title='bbox 1588 968 1959 1034; x_wconf 77' lang='lat' dir='ltr'><strong>videlicet:</strong></span> <span class='ocrx_word' id='word_1_38' title='bbox 1997 971 2370 1056; x_wconf 77' lang='lat' dir='ltr'><strong>subjectum</strong></span> <span class='ocrx_word' id='word_1_39' title='bbox 2419 988 2548 1036; x_wconf 89' lang='lat' dir='ltr'><strong>seu</strong></span> <span class='ocrx_word' id='word_1_40' title='bbox 2599 991 2926 1055; x_wconf 78' lang='lat' dir='ltr'><strong>persona,</strong></span> 
     </span>
     <span class='ocr_line' id='line_1_8' title="bbox 686 1076 2928 1164; baseline 0 -21"><span class='ocrx_word' id='word_1_41' title='bbox 686 1079 1019 1164; x_wconf 86' lang='lat' dir='ltr'><strong>objectum</strong></span> <span class='ocrx_word' id='word_1_42' title='bbox 1052 1094 1181 1141; x_wconf 88' lang='lat' dir='ltr'><strong>seu</strong></span> <span class='ocrx_word' id='word_1_43' title='bbox 1216 1096 1347 1157; x_wconf 84' lang='lat' dir='ltr'><strong>res,</strong></span> <span class='ocrx_word' id='word_1_44' title='bbox 1378 1078 1450 1139; x_wconf 91' lang='lat' dir='ltr'><strong>et</strong></span> <span class='ocrx_word' id='word_1_45' title='bbox 1481 1097 1694 1140; x_wconf 82' lang='lat' dir='ltr'><strong>causa</strong></span> <span class='ocrx_word' id='word_1_46' title='bbox 1721 1076 2040 1163; x_wconf 81' lang='lat' dir='ltr'><strong>efficiens,</strong></span> <span class='ocrx_word' id='word_1_47' title='bbox 2071 1094 2258 1159; x_wconf 89' lang='lat' dir='ltr'><strong>quae</strong></span> <span class='ocrx_word' id='word_1_48' title='bbox 2285 1078 2716 1142; x_wconf 88' lang='lat' dir='ltr'><strong>relationem</strong></span> <span class='ocrx_word' id='word_1_49' title='bbox 2751 1080 2928 1144; x_wconf 78' lang='lat' dir='ltr'><strong>vere</strong></span> 
     </span>
     <span class='ocr_line' id='line_1_9' title="bbox 684 1183 2106 1268; baseline -0.001 -19"><span class='ocrx_word' id='word_1_50' title='bbox 684 1184 1072 1265; x_wconf 87' lang='lat' dir='ltr'><strong>juridicam</strong></span> <span class='ocrx_word' id='word_1_51' title='bbox 1104 1185 1360 1268; x_wconf 86' lang='lat' dir='ltr'><strong>gignat</strong></span> <span class='ocrx_word' id='word_1_52' title='bbox 1390 1187 1609 1266; x_wconf 89' lang='lat' dir='ltr'><strong>atque</strong></span> <span class='ocrx_word' id='word_1_53' title='bbox 1646 1183 2106 1248; x_wconf 89' lang='lat' dir='ltr'><strong>determinet.</strong></span> 
     </span>
    </p>

    <p class='ocr_par' dir='ltr' id='par_1_5' title="bbox 689 1291 2932 2128">
     <span class='ocr_line' id='line_1_10' title="bbox 874 1291 2928 1378; baseline 0 -21"><span class='ocrx_word' id='word_1_54' title='bbox 874 1291 1111 1358; x_wconf 90' lang='lat' dir='ltr'><strong>Primo</strong></span> <span class='ocrx_word' id='word_1_55' title='bbox 1170 1292 1385 1372; x_wconf 89' lang='lat' dir='ltr'><strong>enim,</strong></span> <span class='ocrx_word' id='word_1_56' title='bbox 1450 1308 1586 1354; x_wconf 90' lang='lat' dir='ltr'><strong>nec</strong></span> <span class='ocrx_word' id='word_1_57' title='bbox 1646 1308 1806 1354; x_wconf 89' lang='lat' dir='ltr'><strong>esse</strong></span> <span class='ocrx_word' id='word_1_58' title='bbox 1854 1309 1990 1355; x_wconf 89' lang='lat' dir='ltr'><strong>nec</strong></span> <span class='ocrx_word' id='word_1_59' title='bbox 2060 1291 2347 1374; x_wconf 89' lang='lat' dir='ltr'><strong>concipi</strong></span> <span class='ocrx_word' id='word_1_60' title='bbox 2411 1297 2655 1374; x_wconf 87' lang='lat' dir='ltr'><strong>potest</strong></span> <span class='ocrx_word' id='word_1_61' title='bbox 2709 1295 2928 1378; x_wconf 89' lang='lat' dir='ltr'><strong>quod-</strong></span> 
     </span>
     <span class='ocr_line' id='line_1_11' title="bbox 689 1397 2927 1484; baseline 0.001 -20"><span class='ocrx_word' id='word_1_62' title='bbox 689 1400 867 1464; x_wconf 89' lang='lat' dir='ltr'><strong>libet</strong></span> <span class='ocrx_word' id='word_1_63' title='bbox 882 1400 1027 1480; x_wconf 74' lang='lat' dir='ltr'><strong>JuS‚</strong></span> <span class='ocrx_word' id='word_1_64' title='bbox 1058 1398 1196 1462; x_wconf 85' lang='lat' dir='ltr'><strong>nisi</strong></span> <span class='ocrx_word' id='word_1_65' title='bbox 1232 1401 1688 1480; x_wconf 87' lang='lat' dir='ltr'><strong>supponatur</strong></span> <span class='ocrx_word' id='word_1_66' title='bbox 1717 1397 2111 1466; x_wconf 73' lang='lat' dir='ltr'><strong>existentia</strong></span> <span class='ocrx_word' id='word_1_67' title='bbox 2143 1399 2354 1463; x_wconf 88' lang='lat' dir='ltr'><strong>unius</strong></span> <span class='ocrx_word' id='word_1_68' title='bbox 2381 1417 2766 1484; x_wconf 85' lang='lat' dir='ltr'><strong>personae,</strong></span> <span class='ocrx_word' id='word_1_69' title='bbox 2795 1420 2927 1484; x_wconf 91' lang='lat' dir='ltr'><strong>pro</strong></span> 
     </span>
     <span class='ocr_line' id='line_1_12' title="bbox 689 1506 2928 1591; baseline 0.001 -22"><span class='ocrx_word' id='word_1_70' title='bbox 689 1524 833 1589; x_wconf 90' lang='lat' dir='ltr'><strong>qua</strong></span> <span class='ocrx_word' id='word_1_71' title='bbox 866 1506 1350 1570; x_wconf 83' lang='lat' dir='ltr'><strong>constituatur</strong></span> <span class='ocrx_word' id='word_1_72' title='bbox 1381 1512 1453 1568; x_wconf 90' lang='lat' dir='ltr'><strong>et</strong></span> <span class='ocrx_word' id='word_1_73' title='bbox 1494 1506 1610 1569; x_wconf 92' lang='lat' dir='ltr'><strong>cui</strong></span> <span class='ocrx_word' id='word_1_74' title='bbox 1640 1523 1897 1588; x_wconf 88' lang='lat' dir='ltr'><strong>compe</strong></span> <span class='ocrx_word' id='word_1_75' title='bbox 1918 1508 2026 1569; x_wconf 89' lang='lat' dir='ltr'><strong>tat</strong></span> <span class='ocrx_word' id='word_1_76' title='bbox 2057 1507 2374 1571; x_wconf 88' lang='lat' dir='ltr'><strong>facultas</strong></span> <span class='ocrx_word' id='word_1_77' title='bbox 2401 1508 2689 1591; x_wconf 88' lang='lat' dir='ltr'><strong>agendi,</strong></span> <span class='ocrx_word' id='word_1_78' title='bbox 2729 1510 2928 1573; x_wconf 89' lang='lat' dir='ltr'><strong>omit-</strong></span> 
     </span>
     <span class='ocr_line' id='line_1_13' title="bbox 692 1611 2931 1695; baseline 0.001 -19"><span class='ocrx_word' id='word_1_79' title='bbox 692 1612 892 1678; x_wconf 88' lang='lat' dir='ltr'><strong>tendi</strong></span> <span class='ocrx_word' id='word_1_80' title='bbox 926 1615 1051 1676; x_wconf 88' lang='lat' dir='ltr'><strong>aut</strong></span> <span class='ocrx_word' id='word_1_81' title='bbox 1084 1611 1359 1694; x_wconf 89' lang='lat' dir='ltr'><strong>aliquid</strong></span> <span class='ocrx_word' id='word_1_82' title='bbox 1391 1611 1760 1693; x_wconf 86' lang='lat' dir='ltr'><strong>exigendi,</strong></span> <span class='ocrx_word' id='word_1_83' title='bbox 1803 1616 1874 1675; x_wconf 90' lang='lat' dir='ltr'><strong>et</strong></span> <span class='ocrx_word' id='word_1_84' title='bbox 1911 1612 2212 1676; x_wconf 88' lang='lat' dir='ltr'><strong>alterius</strong></span> <span class='ocrx_word' id='word_1_85' title='bbox 2250 1630 2636 1695; x_wconf 86' lang='lat' dir='ltr'><strong>personae,</strong></span> <span class='ocrx_word' id='word_1_86' title='bbox 2675 1618 2931 1678; x_wconf 85' lang='lat' dir='ltr'><strong>contra</strong></span> 
     </span>
     <span class='ocr_line' id='line_1_14' title="bbox 694 1713 2929 1803; baseline 0 -20"><span class='ocrx_word' id='word_1_87' title='bbox 694 1737 909 1802; x_wconf 88' lang='lat' dir='ltr'><strong>quam</strong></span> <span class='ocrx_word' id='word_1_88' title='bbox 936 1713 1370 1782; x_wconf 69' lang='lat' dir='ltr'><strong>exerceatur</strong></span> <span class='ocrx_word' id='word_1_89' title='bbox 1404 1722 1476 1782; x_wconf 91' lang='lat' dir='ltr'><strong>et</strong></span> <span class='ocrx_word' id='word_1_90' title='bbox 1512 1735 1702 1800; x_wconf 91' lang='lat' dir='ltr'><strong>quae</strong></span> <span class='ocrx_word' id='word_1_91' title='bbox 1740 1718 2184 1801; x_wconf 87' lang='lat' dir='ltr'><strong>obligatione</strong></span> <span class='ocrx_word' id='word_1_92' title='bbox 2225 1719 2516 1801; x_wconf 86' lang='lat' dir='ltr'><strong>agendi,</strong></span> <span class='ocrx_word' id='word_1_93' title='bbox 2554 1727 2929 1803; x_wconf 89' lang='lat' dir='ltr'><strong>praestan-</strong></span> 
     </span>
     <span class='ocr_line' id='line_1_15' title="bbox 693 1824 2932 1909; baseline 0.001 -19"><span class='ocrx_word' id='word_1_94' title='bbox 693 1827 766 1891; x_wconf 91' lang='lat' dir='ltr'><strong>di</strong></span> <span class='ocrx_word' id='word_1_95' title='bbox 798 1827 920 1892; x_wconf 85' lang='lat' dir='ltr'><strong>vel</strong></span> <span class='ocrx_word' id='word_1_96' title='bbox 953 1843 1103 1891; x_wconf 90' lang='lat' dir='ltr'><strong>rem</strong></span> <span class='ocrx_word' id='word_1_97' title='bbox 1151 1826 1467 1907; x_wconf 86' lang='lat' dir='ltr'><strong>aliquam</strong></span> <span class='ocrx_word' id='word_1_98' title='bbox 1525 1824 1864 1889; x_wconf 89' lang='lat' dir='ltr'><strong>tradendi</strong></span> <span class='ocrx_word' id='word_1_99' title='bbox 1914 1831 2273 1891; x_wconf 88' lang='lat' dir='ltr'><strong>teneatur.</strong></span> <span class='ocrx_word' id='word_1_100' title='bbox 2327 1827 2698 1909; x_wconf 89' lang='lat' dir='ltr'><strong>Ejusmodi</strong></span> <span class='ocrx_word' id='word_1_101' title='bbox 2747 1828 2932 1892; x_wconf 89' lang='lat' dir='ltr'><strong>duae</strong></span> 
     </span>
     <span class='ocr_line' id='line_1_16' title="bbox 694 1933 2932 2018; baseline 0 -18"><span class='ocrx_word' id='word_1_102' title='bbox 694 1952 1054 2018; x_wconf 88' lang='lat' dir='ltr'><strong>personae</strong></span> <span class='ocrx_word' id='word_1_103' title='bbox 1131 1933 1387 1998; x_wconf 88' lang='lat' dir='ltr'><strong>vocari</strong></span> <span class='ocrx_word' id='word_1_104' title='bbox 1448 1934 1688 1997; x_wconf 90' lang='lat' dir='ltr'><strong>solent</strong></span> <span class='ocrx_word' id='word_1_105' title='bbox 1749 1951 2086 1998; x_wconf 87' lang='lat' dir='ltr'><strong>sermone</strong></span> <span class='ocrx_word' id='word_1_106' title='bbox 2150 1935 2465 2017; x_wconf 89' lang='lat' dir='ltr'><strong>juridico</strong></span> <span class='ocrx_word' id='word_1_107' title='bbox 2529 1937 2932 2018; x_wconf 86' lang='lat' dir='ltr'><strong>subjectum</strong></span> 
     </span>
     <span class='ocr_line' id='line_1_17' title="bbox 692 2041 1635 2128; baseline -0.004 -20"><span class='ocrx_word' id='word_1_108' title='bbox 692 2043 994 2108; x_wconf 82' lang='lat' dir='ltr'><strong>activum</strong></span> <span class='ocrx_word' id='word_1_109' title='bbox 1021 2044 1093 2106; x_wconf 86' lang='lat' dir='ltr'><strong>et</strong></span> <span class='ocrx_word' id='word_1_110' title='bbox 1120 2043 1480 2128; x_wconf 81' lang='lat' dir='ltr'><strong>passivum</strong></span> <span class='ocrx_word' id='word_1_111' title='bbox 1515 2041 1635 2122; x_wconf 86' lang='lat'>(1).</span> 
     </span>
    </p>

    <p class='ocr_par' dir='ltr' id='par_1_6' title="bbox 692 2147 2940 3095">
     <span class='ocr_line' id='line_1_18' title="bbox 869 2147 2933 2230; baseline -0 -16"><span class='ocrx_word' id='word_1_112' title='bbox 869 2147 1149 2214; x_wconf 90' lang='lat' dir='ltr'><strong>Deinde</strong></span> <span class='ocrx_word' id='word_1_113' title='bbox 1184 2165 1344 2212; x_wconf 92' lang='lat' dir='ltr'><strong>cum</strong></span> <span class='ocrx_word' id='word_1_114' title='bbox 1396 2147 1824 2211; x_wconf 84' lang='lat' dir='ltr'><strong>exercitium</strong></span> <span class='ocrx_word' id='word_1_115' title='bbox 1853 2148 2039 2229; x_wconf 89' lang='lat' dir='ltr'><strong>juris</strong></span> <span class='ocrx_word' id='word_1_116' title='bbox 2078 2165 2208 2230; x_wconf 92' lang='lat' dir='ltr'><strong>pro</strong></span> <span class='ocrx_word' id='word_1_117' title='bbox 2248 2166 2468 2230; x_wconf 88' lang='lat' dir='ltr'><strong>scopo</strong></span> <span class='ocrx_word' id='word_1_118' title='bbox 2505 2148 2773 2213; x_wconf 88' lang='lat' dir='ltr'><strong>habeat</strong></span> <span class='ocrx_word' id='word_1_119' title='bbox 2835 2149 2933 2214; x_wconf 91' lang='lat' dir='ltr'><strong>di-</strong></span> 
     </span>
     <span class='ocr_line' id='line_1_19' title="bbox 695 2254 2935 2341; baseline 0.001 -21"><span class='ocrx_word' id='word_1_120' title='bbox 695 2256 932 2320; x_wconf 88' lang='lat' dir='ltr'><strong>versis</strong></span> <span class='ocrx_word' id='word_1_121' title='bbox 969 2259 1042 2320; x_wconf 92' lang='lat' dir='ltr'><strong>et</strong></span> <span class='ocrx_word' id='word_1_122' title='bbox 1079 2254 1630 2337; x_wconf 88' lang='lat' dir='ltr'><strong>quamplurimis</strong></span> <span class='ocrx_word' id='word_1_123' title='bbox 1689 2255 2250 2319; x_wconf 88' lang='lat' dir='ltr'><strong>necessitatibus</strong></span> <span class='ocrx_word' id='word_1_124' title='bbox 2285 2257 2700 2339; x_wconf 89' lang='lat' dir='ltr'><strong>subvenire,</strong></span> <span class='ocrx_word' id='word_1_125' title='bbox 2749 2276 2935 2341; x_wconf 90' lang='lat' dir='ltr'><strong>quae</strong></span> 
     </span>
     <span class='ocr_line' id='line_1_20' title="bbox 692 2361 2936 2446; baseline 0 -19"><span class='ocrx_word' id='word_1_126' title='bbox 692 2362 901 2427; x_wconf 88' lang='lat' dir='ltr'><strong>nobis</strong></span> <span class='ocrx_word' id='word_1_127' title='bbox 937 2362 1251 2444; x_wconf 90' lang='lat' dir='ltr'><strong>undique</strong></span> <span class='ocrx_word' id='word_1_128' title='bbox 1278 2363 1672 2425; x_wconf 90' lang='lat' dir='ltr'><strong>occurrunt</strong></span> <span class='ocrx_word' id='word_1_129' title='bbox 1700 2361 1946 2423; x_wconf 89' lang='lat' dir='ltr'><strong>tamin</strong></span> <span class='ocrx_word' id='word_1_130' title='bbox 1979 2361 2231 2425; x_wconf 91' lang='lat' dir='ltr'><strong>ordine</strong></span> <span class='ocrx_word' id='word_1_131' title='bbox 2259 2363 2588 2445; x_wconf 86' lang='lat' dir='ltr'><strong>physico,</strong></span> <span class='ocrx_word' id='word_1_132' title='bbox 2620 2381 2836 2446; x_wconf 91' lang='lat' dir='ltr'><strong>quam</strong></span> <span class='ocrx_word' id='word_1_133' title='bbox 2861 2365 2936 2428; x_wconf 91' lang='lat' dir='ltr'><strong>in</strong></span> 
     </span>
     <span class='ocr_line' id='line_1_21' title="bbox 694 2467 2934 2553; baseline 0.002 -20"><span class='ocrx_word' id='word_1_134' title='bbox 694 2469 977 2553; x_wconf 90' lang='lat' dir='ltr'><strong>morali,</strong></span> <span class='ocrx_word' id='word_1_135' title='bbox 1008 2469 1372 2550; x_wconf 88' lang='lat' dir='ltr'><strong>objectum</strong></span> <span class='ocrx_word' id='word_1_136' title='bbox 1390 2467 1575 2550; x_wconf 89' lang='lat' dir='ltr'><strong>juris</strong></span> <span class='ocrx_word' id='word_1_137' title='bbox 1604 2485 1764 2532; x_wconf 87' lang='lat' dir='ltr'><strong>esse</strong></span> <span class='ocrx_word' id='word_1_138' title='bbox 1800 2467 2066 2532; x_wconf 90' lang='lat' dir='ltr'><strong>debent</strong></span> <span class='ocrx_word' id='word_1_139' title='bbox 2104 2471 2339 2535; x_wconf 90' lang='lat' dir='ltr'><strong>media</strong></span> <span class='ocrx_word' id='word_1_140' title='bbox 2376 2471 2576 2536; x_wconf 90' lang='lat' dir='ltr'><strong>hisce</strong></span> <span class='ocrx_word' id='word_1_141' title='bbox 2625 2473 2934 2537; x_wconf 87' lang='lat' dir='ltr'><strong>necessi-</strong></span> 
     </span>
     <span class='ocr_line' id='line_1_22' title="bbox 693 2578 2935 2663; baseline -0.001 -18"><span class='ocrx_word' id='word_1_142' title='bbox 693 2578 966 2645; x_wconf 86' lang='lat' dir='ltr'><strong>tatibus</strong></span> <span class='ocrx_word' id='word_1_143' title='bbox 1015 2579 1553 2645; x_wconf 87' lang='lat' dir='ltr'><strong>satisfaciendis</strong></span> <span class='ocrx_word' id='word_1_144' title='bbox 1602 2579 2041 2662; x_wconf 81' lang='lat' dir='ltr'><strong>adaequata3</strong></span> <span class='ocrx_word' id='word_1_145' title='bbox 2095 2580 2223 2644; x_wconf 91' lang='lat' dir='ltr'><strong>sed</strong></span> <span class='ocrx_word' id='word_1_146' title='bbox 2269 2579 2454 2643; x_wconf 91' lang='lat' dir='ltr'><strong>haec</strong></span> <span class='ocrx_word' id='word_1_147' title='bbox 2509 2580 2747 2644; x_wconf 86' lang='lat' dir='ltr'><strong>media</strong></span> <span class='ocrx_word' id='word_1_148' title='bbox 2804 2598 2935 2663; x_wconf 90' lang='lat' dir='ltr'><strong>pro</strong></span> 
     </span>
     <span class='ocr_line' id='line_1_23' title="bbox 694 2686 2939 2771; baseline 0.001 -19"><span class='ocrx_word' id='word_1_149' title='bbox 694 2686 1055 2752; x_wconf 90' lang='lat' dir='ltr'><strong>humanae</strong></span> <span class='ocrx_word' id='word_1_150' title='bbox 1082 2691 1388 2750; x_wconf 89' lang='lat' dir='ltr'><strong>naturae</strong></span> <span class='ocrx_word' id='word_1_151' title='bbox 1416 2686 1828 2751; x_wconf 87' lang='lat' dir='ltr'><strong>conditione</strong></span> <span class='ocrx_word' id='word_1_152' title='bbox 1846 2688 1968 2752; x_wconf 84' lang='lat' dir='ltr'><strong>vel</strong></span> <span class='ocrx_word' id='word_1_153' title='bbox 1991 2688 2064 2752; x_wconf 91' lang='lat' dir='ltr'><strong>in</strong></span> <span class='ocrx_word' id='word_1_154' title='bbox 2091 2689 2305 2753; x_wconf 90' lang='lat' dir='ltr'><strong>rebus</strong></span> <span class='ocrx_word' id='word_1_155' title='bbox 2327 2690 2696 2771; x_wconf 87' lang='lat' dir='ltr'><strong>corporeis</strong></span> <span class='ocrx_word' id='word_1_156' title='bbox 2718 2690 2839 2755; x_wconf 85' lang='lat' dir='ltr'><strong>vel</strong></span> <span class='ocrx_word' id='word_1_157' title='bbox 2865 2690 2939 2754; x_wconf 91' lang='lat' dir='ltr'><strong>in</strong></span> 
     </span>
     <span class='ocr_line' id='line_1_24' title="bbox 695 2794 2938 2878; baseline 0.001 -19"><span class='ocrx_word' id='word_1_158' title='bbox 695 2796 911 2859; x_wconf 88' lang='lat' dir='ltr'><strong>rebus</strong></span> <span class='ocrx_word' id='word_1_159' title='bbox 939 2794 1270 2877; x_wconf 90' lang='lat' dir='ltr'><strong>juridicis</strong></span> <span class='ocrx_word' id='word_1_160' title='bbox 1303 2794 1541 2877; x_wconf 87' lang='lat' dir='ltr'><strong>posita</strong></span> <span class='ocrx_word' id='word_1_161' title='bbox 1589 2799 1781 2875; x_wconf 88' lang='lat' dir='ltr'><strong>sunt,</strong></span> <span class='ocrx_word' id='word_1_162' title='bbox 1834 2794 2002 2859; x_wconf 90' lang='lat' dir='ltr'><strong>hinc</strong></span> <span class='ocrx_word' id='word_1_163' title='bbox 2037 2797 2400 2878; x_wconf 75' lang='lat' dir='ltr'><strong>obJectum</strong></span> <span class='ocrx_word' id='word_1_164' title='bbox 2438 2798 2614 2877; x_wconf 78' lang='lat' dir='ltr'><strong>iuris</strong></span> <span class='ocrx_word' id='word_1_165' title='bbox 2643 2814 2938 2862; x_wconf 91' lang='lat' dir='ltr'><strong>censen-</strong></span> 
     </span>
     <span class='ocr_line' id='line_1_25' title="bbox 698 2901 2940 2991; baseline 0.001 -26"><span class='ocrx_word' id='word_1_166' title='bbox 698 2901 862 2966; x_wconf 90' lang='lat' dir='ltr'><strong>dum</strong></span> <span class='ocrx_word' id='word_1_167' title='bbox 892 2903 1101 2967; x_wconf 79' lang='lat' dir='ltr'><strong>estid</strong></span> <span class='ocrx_word' id='word_1_168' title='bbox 1126 2923 1317 2967; x_wconf 79' lang='lat' dir='ltr'><strong>omne</strong></span> <span class='ocrx_word' id='word_1_169' title='bbox 1344 2902 1521 2985; x_wconf 78' lang='lat' dir='ltr'><strong>quod</strong></span> <span class='ocrx_word' id='word_1_170' title='bbox 1540 2902 1871 2985; x_wconf 80' lang='lat' dir='ltr'><strong>facultati</strong></span> <span class='ocrx_word' id='word_1_171' title='bbox 1887 2924 2350 2986; x_wconf 77' lang='lat' dir='ltr'><strong>perso-narum</strong></span> <span class='ocrx_word' id='word_1_172' title='bbox 2378 2906 2602 2969; x_wconf 79' lang='lat' dir='ltr'><strong>subest</strong></span> <span class='ocrx_word' id='word_1_173' title='bbox 2627 2906 2720 2970; x_wconf 80' lang='lat' dir='ltr'><strong>ad</strong></span> <span class='ocrx_word' id='word_1_174' title='bbox 2737 2906 2940 2991; x_wconf 79' lang='lat' dir='ltr'><strong>finem</strong></span> 
     </span>
     <span class='ocr_line' id='line_1_26' title="bbox 695 3008 2940 3095; baseline 0.001 -22"><span class='ocrx_word' id='word_1_175' title='bbox 695 3010 1111 3075; x_wconf 78' lang='lat' dir='ltr'><strong>rationalem</strong></span> <span class='ocrx_word' id='word_1_176' title='bbox 1144 3009 1599 3089; x_wconf 76' lang='lat' dir='ltr'><strong>obtinendum,</strong></span> <span class='ocrx_word' id='word_1_177' title='bbox 1635 3008 1997 3090; x_wconf 82' lang='lat' dir='ltr'><strong>nimirum,</strong></span> <span class='ocrx_word' id='word_1_178' title='bbox 2035 3030 2146 3074; x_wconf 75' lang='lat' dir='ltr'><strong>res</strong></span> <span class='ocrx_word' id='word_1_179' title='bbox 2195 3028 2442 3074; x_wconf 87' lang='lat' dir='ltr'><strong>omnes</strong></span> <span class='ocrx_word' id='word_1_180' title='bbox 2489 3013 2797 3095; x_wconf 75' lang='lat' dir='ltr'><strong>yeuerice</strong></span> <span class='ocrx_word' id='word_1_181' title='bbox 2846 3012 2940 3095; x_wconf 80' lang='lat'><strong>(2)</strong></span> 
     </span>
    </p>
   </div>
   <div class='ocr_carea' id='block_1_4' title="bbox 698 3115 2943 3305">
    <p class='ocr_par' dir='ltr' id='par_1_7' title="bbox 698 3115 2943 3305">
     <span class='ocr_line' id='line_1_27' title="bbox 698 3115 2943 3202; baseline 0.001 -23"><span class='ocrx_word' id='word_1_182' title='bbox 698 3121 824 3179; x_wconf 86' lang='lat' dir='ltr'><strong>aut</strong></span> <span class='ocrx_word' id='word_1_183' title='bbox 854 3117 1162 3202; x_wconf 80' lang='lat' dir='ltr'><strong>specifice</strong></span> <span class='ocrx_word' id='word_1_184' title='bbox 1196 3115 1289 3199; x_wconf 81' lang='lat'><strong>(3)</strong></span> <span class='ocrx_word' id='word_1_185' title='bbox 1326 3118 1657 3196; x_wconf 89' lang='lat' dir='ltr'><strong>sumptae</strong></span> <span class='ocrx_word' id='word_1_186' title='bbox 1691 3117 1764 3177; x_wconf 90' lang='lat' dir='ltr'><strong>et</strong></span> <span class='ocrx_word' id='word_1_187' title='bbox 1809 3116 2170 3181; x_wconf 78' lang='lat' dir='ltr'><strong>servitutes</strong></span> <span class='ocrx_word' id='word_1_188' title='bbox 2223 3116 2317 3200; x_wconf 90' lang='lat'><strong>(4)</strong></span> <span class='ocrx_word' id='word_1_189' title='bbox 2349 3115 2717 3181; x_wconf 89' lang='lat' dir='ltr'><strong>hominum</strong></span> <span class='ocrx_word' id='word_1_190' title='bbox 2751 3116 2943 3181; x_wconf 88' lang='lat' dir='ltr'><strong>inter</strong></span> 
     </span>
     <span class='ocr_line' id='line_1_28' title="bbox 698 3223 1710 3305; baseline -0.004 -18"><span class='ocrx_word' id='word_1_191' title='bbox 698 3240 817 3288; x_wconf 84' lang='lat' dir='ltr'><strong>res</strong></span> <span class='ocrx_word' id='word_1_192' title='bbox 838 3223 1191 3305; x_wconf 88' lang='lat' dir='ltr'><strong>juridicas</strong></span> <span class='ocrx_word' id='word_1_193' title='bbox 1221 3225 1710 3303; x_wconf 90' lang='lat' dir='ltr'><strong>computatae.</strong></span> 
     </span>
    </p>
   </div>
   <div class='ocr_carea' id='block_1_5' title="bbox 700 3315 1021 3325">
    <p class='ocr_par' dir='ltr' id='par_1_8' title="bbox 700 3315 1021 3325">
     <span class='ocr_line' id='line_1_29' title="bbox 700 3315 1021 3325; baseline 0 1775"><span class='ocrx_word' id='word_1_194' title='bbox 700 3315 1021 3325; x_wconf 95' lang='lat' dir='ltr'><strong> </strong></span> 
     </span>
    </p>
   </div>
   <div class='ocr_carea' id='block_1_6' title="bbox 698 3398 2950 4325">
    <p class='ocr_par' dir='ltr' id='par_1_9' title="bbox 698 3398 2946 3540">
     <span class='ocr_line' id='line_1_30' title="bbox 838 3398 2946 3469; baseline 0 -16"><span class='ocrx_word' id='word_1_195' title='bbox 838 3400 917 3468; x_wconf 92' lang='grc'><strong>(1)</strong></span> <span class='ocrx_word' id='word_1_196' title='bbox 993 3399 1263 3465; x_wconf 80' lang='lat' dir='ltr'><strong>Persona,</strong></span> <span class='ocrx_word' id='word_1_197' title='bbox 1295 3402 1578 3464; x_wconf 77' lang='lat' dir='ltr'><strong>quatenus</strong></span> <span class='ocrx_word' id='word_1_198' title='bbox 1605 3398 1928 3466; x_wconf 83' lang='lat' dir='ltr'><strong>subjectum</strong></span> <span class='ocrx_word' id='word_1_199' title='bbox 1972 3398 2135 3466; x_wconf 84' lang='lat' dir='ltr'><strong>juris,</strong></span> <span class='ocrx_word' id='word_1_200' title='bbox 2182 3402 2372 3467; x_wconf 88' lang='lat' dir='ltr'><strong>potest</strong></span> <span class='ocrx_word' id='word_1_201' title='bbox 2413 3414 2542 3453; x_wconf 87' lang='lat' dir='ltr'><strong>esse</strong></span> <span class='ocrx_word' id='word_1_202' title='bbox 2577 3398 2813 3469; x_wconf 75' lang='lat' dir='ltr'><strong>physica</strong></span> <span class='ocrx_word' id='word_1_203' title='bbox 2855 3403 2946 3454; x_wconf 90' lang='lat' dir='ltr'><strong>vel</strong></span> 
     </span>
     <span class='ocr_line' id='line_1_31' title="bbox 698 3467 1697 3540; baseline -0.003 -13"><span class='ocrx_word' id='word_1_204' title='bbox 698 3472 941 3540; x_wconf 82' lang='lat' dir='ltr'><strong>moralis,</strong></span> <span class='ocrx_word' id='word_1_205' title='bbox 957 3469 1214 3539; x_wconf 79' lang='lat' dir='ltr'><strong>perfecta</strong></span> <span class='ocrx_word' id='word_1_206' title='bbox 1238 3471 1330 3524; x_wconf 90' lang='lat' dir='ltr'><strong>vel</strong></span> <span class='ocrx_word' id='word_1_207' title='bbox 1352 3467 1697 3537; x_wconf 82' lang='lat' dir='ltr'><strong>imperfecta.</strong></span> 
     </span>
    </p>

    <p class='ocr_par' dir='ltr' id='par_1_10' title="bbox 700 3539 2950 4045">
     <span class='ocr_line' id='line_1_32' title="bbox 843 3539 2946 3613; baseline -0.001 -16"><span class='ocrx_word' id='word_1_208' title='bbox 843 3545 921 3613; x_wconf 83' lang='grc'><strong>(2)</strong></span> <span class='ocrx_word' id='word_1_209' title='bbox 998 3544 1111 3595; x_wconf 84' lang='lat' dir='ltr'><strong>Res</strong></span> <span class='ocrx_word' id='word_1_210' title='bbox 1131 3540 1375 3609; x_wconf 74' lang='lat' dir='ltr'><strong>ymerice</strong></span> <span class='ocrx_word' id='word_1_211' title='bbox 1399 3546 1663 3607; x_wconf 87' lang='lat' dir='ltr'><strong>sumptae</strong></span> <span class='ocrx_word' id='word_1_212' title='bbox 1690 3540 2024 3594; x_wconf 88' lang='lat' dir='ltr'><strong>dividuntur</strong></span> <span class='ocrx_word' id='word_1_213' title='bbox 2049 3541 2109 3593; x_wconf 92' lang='lat' dir='ltr'><strong>in</strong></span> <span class='ocrx_word' id='word_1_214' title='bbox 2131 3539 2347 3595; x_wconf 76' lang='lat' dir='ltr'><strong>divinas</strong></span> <span class='ocrx_word' id='word_1_215' title='bbox 2371 3546 2430 3595; x_wconf 88' lang='lat' dir='ltr'><strong>et</strong></span> <span class='ocrx_word' id='word_1_216' title='bbox 2457 3540 2740 3607; x_wconf 58' lang='lat' dir='ltr'><strong>humana&amp;</strong></span> <span class='ocrx_word' id='word_1_217' title='bbox 2769 3544 2840 3595; x_wconf 91' lang='lat' dir='ltr'><strong>de</strong></span> <span class='ocrx_word' id='word_1_218' title='bbox 2869 3544 2946 3595; x_wconf 87' lang='lat' dir='ltr'><strong>di-</strong></span> 
     </span>
     <span class='ocr_line' id='line_1_33' title="bbox 700 3610 2947 3683; baseline -0.001 -13"><span class='ocrx_word' id='word_1_219' title='bbox 700 3618 869 3681; x_wconf 88' lang='lat' dir='ltr'><strong>vinis,</strong></span> <span class='ocrx_word' id='word_1_220' title='bbox 903 3629 1049 3683; x_wconf 83' lang='lat' dir='ltr'><strong>quae</strong></span> <span class='ocrx_word' id='word_1_221' title='bbox 1080 3616 1252 3666; x_wconf 88' lang='lat' dir='ltr'><strong>etiam</strong></span> <span class='ocrx_word' id='word_1_222' title='bbox 1281 3613 1435 3679; x_wconf 87' lang='lat' dir='ltr'><strong>apud</strong></span> <span class='ocrx_word' id='word_1_223' title='bbox 1463 3613 1756 3666; x_wconf 85' lang='lat' dir='ltr'><strong>Romanos</strong></span> <span class='ocrx_word' id='word_1_224' title='bbox 1781 3610 2004 3681; x_wconf 81' lang='lat' dir='ltr'><strong>Sacrae,</strong></span> <span class='ocrx_word' id='word_1_225' title='bbox 2031 3610 2344 3681; x_wconf 75' lang='lat' dir='ltr'><strong>Reliyiosae</strong></span> <span class='ocrx_word' id='word_1_226' title='bbox 2369 3618 2427 3667; x_wconf 85' lang='lat' dir='ltr'><strong>et</strong></span> <span class='ocrx_word' id='word_1_227' title='bbox 2474 3614 2709 3667; x_wconf 81' lang='lat' dir='ltr'><strong>Sanctae</strong></span> <span class='ocrx_word' id='word_1_228' title='bbox 2757 3628 2947 3667; x_wconf 81' lang='lat' dir='ltr'><strong>cense-</strong></span> 
     </span>
     <span class='ocr_line' id='line_1_34' title="bbox 701 3685 2946 3753; baseline -0.001 -13"><span class='ocrx_word' id='word_1_229' title='bbox 701 3687 927 3752; x_wconf 87' lang='lat' dir='ltr'><strong>bantur,</strong></span> <span class='ocrx_word' id='word_1_230' title='bbox 950 3686 1240 3739; x_wconf 85' lang='lat' dir='ltr'><strong>disserunt</strong></span> <span class='ocrx_word' id='word_1_231' title='bbox 1266 3686 1613 3747; x_wconf 84' lang='lat' dir='ltr'><strong>canonistae;</strong></span> <span class='ocrx_word' id='word_1_232' title='bbox 1636 3686 1941 3752; x_wconf 84' lang='lat' dir='ltr'><strong>humanae,</strong></span> <span class='ocrx_word' id='word_1_233' title='bbox 1968 3685 2039 3737; x_wconf 90' lang='lat' dir='ltr'><strong>de</strong></span> <span class='ocrx_word' id='word_1_234' title='bbox 2065 3686 2273 3751; x_wconf 89' lang='lat' dir='ltr'><strong>quibus</strong></span> <span class='ocrx_word' id='word_1_235' title='bbox 2301 3688 2415 3739; x_wconf 84' lang='lat' dir='ltr'><strong>late</strong></span> <span class='ocrx_word' id='word_1_236' title='bbox 2464 3690 2641 3753; x_wconf 84' lang='lat' dir='ltr'><strong>agunt</strong></span> <span class='ocrx_word' id='word_1_237' title='bbox 2687 3688 2946 3753; x_wconf 79' lang='lat' dir='ltr'><strong>juristae,</strong></span> 
     </span>
     <span class='ocr_line' id='line_1_35' title="bbox 700 3754 2947 3830; baseline -0.001 -18"><span class='ocrx_word' id='word_1_238' title='bbox 700 3760 1148 3825; x_wconf 86' lang='lat' dir='ltr'><strong>distinguuntur:</strong></span> <span class='ocrx_word' id='word_1_239' title='bbox 1180 3757 1205 3808; x_wconf 94' lang='lat'>1</span> <span class='ocrx_word' id='word_1_240' title='bbox 1235 3766 1265 3798; x_wconf 90' lang='lat'><strong>0</strong></span> <span class='ocrx_word' id='word_1_241' title='bbox 1288 3758 1348 3808; x_wconf 89' lang='lat' dir='ltr'><strong>in</strong></span> <span class='ocrx_word' id='word_1_242' title='bbox 1376 3770 1691 3820; x_wconf 77' lang='lat' dir='ltr'><strong>communes,</strong></span> <span class='ocrx_word' id='word_1_243' title='bbox 1709 3754 1979 3830; x_wconf 79' lang='lat' dir='ltr'><strong>publicas,</strong></span> <span class='ocrx_word' id='word_1_244' title='bbox 2005 3758 2414 3824; x_wconf 77' lang='lat' dir='ltr'><strong>corporationis,</strong></span> <span class='ocrx_word' id='word_1_245' title='bbox 2439 3757 2648 3811; x_wconf 78' lang='lat' dir='ltr'><strong>nullius</strong></span> <span class='ocrx_word' id='word_1_246' title='bbox 2673 3762 2730 3809; x_wconf 90' lang='lat' dir='ltr'><strong>et</strong></span> <span class='ocrx_word' id='word_1_247' title='bbox 2765 3757 2947 3825; x_wconf 78' lang='lat' dir='ltr'><strong>parti-</strong></span> 
     </span>
     <span class='ocr_line' id='line_1_36' title="bbox 701 3826 2950 3898; baseline -0.001 -15"><span class='ocrx_word' id='word_1_248' title='bbox 701 3829 987 3894; x_wconf 60' lang='lat' dir='ltr'><strong>cularium</strong></span> <span class='ocrx_word' id='word_1_249' title='bbox 1017 3835 1097 3881; x_wconf 70' lang='lat'><strong>29</strong></span> <span class='ocrx_word' id='word_1_250' title='bbox 1120 3828 1180 3881; x_wconf 89' lang='lat' dir='ltr'><strong>in</strong></span> <span class='ocrx_word' id='word_1_251' title='bbox 1205 3843 1489 3895; x_wconf 83' lang='lat' dir='ltr'><strong>corporeas</strong></span> <span class='ocrx_word' id='word_1_252' title='bbox 1516 3833 1574 3880; x_wconf 84' lang='lat' dir='ltr'><strong>et</strong></span> <span class='ocrx_word' id='word_1_253' title='bbox 1599 3828 1960 3896; x_wconf 56' lang='lat' dir='ltr'><strong>incorporea&amp;</strong></span> <span class='ocrx_word' id='word_1_254' title='bbox 1988 3832 2018 3880; x_wconf 84' lang='lat'><strong>3</strong></span> <span class='ocrx_word' id='word_1_255' title='bbox 2048 3838 2078 3870; x_wconf 90' lang='lat'><strong>0</strong></span> <span class='ocrx_word' id='word_1_256' title='bbox 2106 3831 2163 3880; x_wconf 91' lang='lat' dir='ltr'><strong>in</strong></span> <span class='ocrx_word' id='word_1_257' title='bbox 2182 3826 2492 3897; x_wconf 71' lang='lat' dir='ltr'><strong>funyibiles</strong></span> <span class='ocrx_word' id='word_1_258' title='bbox 2517 3834 2576 3881; x_wconf 85' lang='lat' dir='ltr'><strong>et</strong></span> <span class='ocrx_word' id='word_1_259' title='bbox 2623 3845 2737 3881; x_wconf 87' lang='lat' dir='ltr'><strong>non</strong></span> <span class='ocrx_word' id='word_1_260' title='bbox 2754 3828 2950 3898; x_wconf 75' lang='lat' dir='ltr'><strong>fuuyi-</strong></span> 
     </span>
     <span class='ocr_line' id='line_1_37' title="bbox 702 3898 2948 3967; baseline -0.001 -12"><span class='ocrx_word' id='word_1_261' title='bbox 702 3901 853 3966; x_wconf 82' lang='lat' dir='ltr'><strong>biles;</strong></span> <span class='ocrx_word' id='word_1_262' title='bbox 876 3903 966 3955; x_wconf 87' lang='lat'><strong>4.0</strong></span> <span class='ocrx_word' id='word_1_263' title='bbox 993 3903 1050 3952; x_wconf 86' lang='lat' dir='ltr'><strong>in</strong></span> <span class='ocrx_word' id='word_1_264' title='bbox 1072 3898 1366 3954; x_wconf 77' lang='lat' dir='ltr'><strong>divisibiles</strong></span> <span class='ocrx_word' id='word_1_265' title='bbox 1393 3912 1447 3953; x_wconf 88' lang='lat' dir='ltr'><strong>et</strong></span> <span class='ocrx_word' id='word_1_266' title='bbox 1470 3898 1846 3963; x_wconf 56' lang='lat' dir='ltr'><strong>indivisibile&amp;</strong></span> <span class='ocrx_word' id='word_1_267' title='bbox 1872 3903 1953 3952; x_wconf 85' lang='lat'><strong>5.0</strong></span> <span class='ocrx_word' id='word_1_268' title='bbox 1978 3902 2037 3952; x_wconf 90' lang='lat' dir='ltr'><strong>in</strong></span> <span class='ocrx_word' id='word_1_269' title='bbox 2062 3898 2396 3967; x_wconf 78' lang='lat' dir='ltr'><strong>principales</strong></span> <span class='ocrx_word' id='word_1_270' title='bbox 2415 3906 2474 3953; x_wconf 87' lang='lat' dir='ltr'><strong>et</strong></span> <span class='ocrx_word' id='word_1_271' title='bbox 2497 3901 2836 3965; x_wconf 84' lang='lat' dir='ltr'><strong>accessorias;</strong></span> <span class='ocrx_word' id='word_1_272' title='bbox 2865 3902 2948 3954; x_wconf 87' lang='lat'><strong>6.0</strong></span> 
     </span>
     <span class='ocr_line' id='line_1_38' title="bbox 702 3970 2906 4045; baseline -0.001 -18"><span class='ocrx_word' id='word_1_273' title='bbox 702 3975 765 4027; x_wconf 90' lang='lat' dir='ltr'><strong>in</strong></span> <span class='ocrx_word' id='word_1_274' title='bbox 786 3972 1095 4042; x_wconf 63' lang='lat' dir='ltr'><strong>singulares</strong></span> <span class='ocrx_word' id='word_1_275' title='bbox 1119 3978 1178 4025; x_wconf 88' lang='lat' dir='ltr'><strong>et</strong></span> <span class='ocrx_word' id='word_1_276' title='bbox 1201 3970 1551 4025; x_wconf 80' lang='lat' dir='ltr'><strong>universales.</strong></span> <span class='ocrx_word' id='word_1_277' title='bbox 2897 4038 2906 4045; x_wconf 92' lang='lat'><em>.</em></span> 
     </span>
    </p>

    <p class='ocr_par' dir='ltr' id='par_1_11' title="bbox 704 4040 2950 4252">
     <span class='ocr_line' id='line_1_39' title="bbox 840 4040 2950 4110; baseline 0 -15"><span class='ocrx_word' id='word_1_278' title='bbox 840 4046 916 4108; x_wconf 85' lang='grc'><strong>(3)</strong></span> <span class='ocrx_word' id='word_1_279' title='bbox 990 4041 1111 4095; x_wconf 87' lang='lat' dir='ltr'><strong>Res</strong></span> <span class='ocrx_word' id='word_1_280' title='bbox 1136 4041 1375 4110; x_wconf 72' lang='lat' dir='ltr'><strong>specifice</strong></span> <span class='ocrx_word' id='word_1_281' title='bbox 1402 4044 1793 4097; x_wconf 77' lang='lat' dir='ltr'><strong>consideratae</strong></span> <span class='ocrx_word' id='word_1_282' title='bbox 1820 4045 2092 4093; x_wconf 87' lang='lat' dir='ltr'><strong>vocantur</strong></span> <span class='ocrx_word' id='word_1_283' title='bbox 2111 4040 2250 4094; x_wconf 79' lang='lat' dir='ltr'><strong>bona</strong></span> <span class='ocrx_word' id='word_1_284' title='bbox 2275 4058 2422 4109; x_wconf 83' lang='lat' dir='ltr'><strong>quae</strong></span> <span class='ocrx_word' id='word_1_285' title='bbox 2446 4044 2502 4094; x_wconf 91' lang='lat' dir='ltr'><strong>in</strong></span> <span class='ocrx_word' id='word_1_286' title='bbox 2529 4045 2816 4109; x_wconf 69' lang='lat' dir='ltr'><strong>pote-tate</strong></span> <span class='ocrx_word' id='word_1_287' title='bbox 2854 4044 2950 4096; x_wconf 83' lang='lat' dir='ltr'><strong>vel</strong></span> 
     </span>
     <span class='ocr_line' id='line_1_40' title="bbox 710 4112 2948 4181; baseline -0.001 -12"><span class='ocrx_word' id='word_1_288' title='bbox 710 4116 967 4169; x_wconf 90' lang='lat' dir='ltr'><strong>dominio</strong></span> <span class='ocrx_word' id='word_1_289' title='bbox 991 4115 1243 4167; x_wconf 85' lang='lat' dir='ltr'><strong>hominis</strong></span> <span class='ocrx_word' id='word_1_290' title='bbox 1289 4119 1534 4180; x_wconf 85' lang='lat' dir='ltr'><strong>possunt</strong></span> <span class='ocrx_word' id='word_1_291' title='bbox 1560 4130 1706 4181; x_wconf 87' lang='lat' dir='ltr'><strong>esse,</strong></span> <span class='ocrx_word' id='word_1_292' title='bbox 1731 4116 1789 4164; x_wconf 86' lang='lat' dir='ltr'><strong>et</strong></span> <span class='ocrx_word' id='word_1_293' title='bbox 1811 4112 2058 4179; x_wconf 87' lang='lat' dir='ltr'><strong>dispesci</strong></span> <span class='ocrx_word' id='word_1_294' title='bbox 2085 4115 2288 4167; x_wconf 88' lang='lat' dir='ltr'><strong>solent:</strong></span> <span class='ocrx_word' id='word_1_295' title='bbox 2319 4115 2398 4166; x_wconf 83' lang='lat' dir='ltr'><strong>LO</strong></span> <span class='ocrx_word' id='word_1_296' title='bbox 2422 4114 2482 4165; x_wconf 90' lang='lat' dir='ltr'><strong>in</strong></span> <span class='ocrx_word' id='word_1_297' title='bbox 2509 4112 2733 4167; x_wconf 83' lang='lat' dir='ltr'><strong>mobilia</strong></span> <span class='ocrx_word' id='word_1_298' title='bbox 2753 4119 2810 4167; x_wconf 90' lang='lat' dir='ltr'><strong>et</strong></span> <span class='ocrx_word' id='word_1_299' title='bbox 2848 4114 2948 4167; x_wconf 82' lang='lat' dir='ltr'><strong>im-</strong></span> 
     </span>
     <span class='ocr_line' id='line_1_41' title="bbox 704 4182 2318 4252; baseline -0.002 -11"><span class='ocrx_word' id='word_1_300' title='bbox 704 4186 950 4250; x_wconf 80' lang='lat' dir='ltr'><strong>mobilia;</strong></span> <span class='ocrx_word' id='word_1_301' title='bbox 981 4186 1062 4239; x_wconf 83' lang='lat'><strong>2.0</strong></span> <span class='ocrx_word' id='word_1_302' title='bbox 1084 4182 1311 4237; x_wconf 78' lang='lat' dir='ltr'><strong>dominii</strong></span> <span class='ocrx_word' id='word_1_303' title='bbox 1322 4182 1538 4251; x_wconf 77' lang='lat' dir='ltr'><strong>publici</strong></span> <span class='ocrx_word' id='word_1_304' title='bbox 1566 4186 1658 4239; x_wconf 87' lang='lat' dir='ltr'><strong>vel</strong></span> <span class='ocrx_word' id='word_1_305' title='bbox 1673 4183 2318 4252; x_wconf 29' lang='lat' dir='ltr'><strong>proprietatis—privatae.</strong></span> 
     </span>
    </p>

    <p class='ocr_par' dir='ltr' id='par_1_12' title="bbox 842 4255 2948 4325">
     <span class='ocr_line' id='line_1_42' title="bbox 842 4255 2948 4325; baseline 0 -16"><span class='ocrx_word' id='word_1_306' title='bbox 842 4258 919 4325; x_wconf 80' lang='grc'><strong>(4)</strong></span> <span class='ocrx_word' id='word_1_307' title='bbox 996 4255 1307 4310; x_wconf 81' lang='lat' dir='ltr'><strong>Servitutes</strong></span> <span class='ocrx_word' id='word_1_308' title='bbox 1330 4255 1391 4307; x_wconf 91' lang='lat' dir='ltr'><strong>in</strong></span> <span class='ocrx_word' id='word_1_309' title='bbox 1418 4258 1603 4310; x_wconf 83' lang='lat' dir='ltr'><strong>varias</strong></span> <span class='ocrx_word' id='word_1_310' title='bbox 1646 4257 1856 4309; x_wconf 85' lang='lat' dir='ltr'><strong>classes</strong></span> <span class='ocrx_word' id='word_1_311' title='bbox 1899 4259 2287 4321; x_wconf 83' lang='lat' dir='ltr'><strong>numerantur3</strong></span> <span class='ocrx_word' id='word_1_312' title='bbox 2341 4272 2412 4310; x_wconf 88' lang='lat' dir='ltr'><strong>en</strong></span> <span class='ocrx_word' id='word_1_313' title='bbox 2457 4259 2812 4325; x_wconf 88' lang='lat' dir='ltr'><strong>praecipuae:</strong></span> <span class='ocrx_word' id='word_1_314' title='bbox 2867 4258 2948 4309; x_wconf 89' lang='lat'><strong>1.0</strong></span> 
     </span>
    </p>
   </div>
  </div>
 </body>
</html>
