3332 5100
1648 389 1962 448 ...22-

688 537 847 602 tuta
877 537 951 600 et
980 536 1435 616 documenta,
1467 551 1655 616 quae
1704 532 2086 598 scientiam
2139 531 2336 597 Juris
2379 533 2916 616 praescribunt.

686 641 1015 708 Summus
1077 641 1416 706 Pontifex
1477 639 1547 706 S.
1617 638 2070 706 Caelestinus
2132 638 2632 704 indubitanter
2665 640 2916 704 edixit:

682 749 885 815 Nulli
946 749 1383 816 sacerdotum
1463 749 1672 813 liceat
1733 768 2028 813 canones
2091 753 2414 832 iquorare
2479 745 2598 831 (1).
2671 745 2922 812 Conci-

672 855 861 920 lium
893 855 995 920 IV
1042 855 1494 938 Toletanum,
1529 855 1662 920 sub
1718 854 1788 921 S.
1821 855 2104 920 Isidoro
2161 855 2582 937 Hispalensi
2645 855 2925 922 Praesi-

690 962 803 1046 de,
835 961 1149 1028 studium
1184 980 1543 1028 canonum
1577 961 1688 1026 his
1721 962 1968 1028 verbis
1977 963 2384 1074 praecipit.
2421 962 2666 1029 Sciant
2696 965 2912 1049 iyitur

684 1070 1073 1136 sacerdotes
1098 1069 1505 1154 Scripturas
1536 1068 1832 1135 Sanctae
1869 1077 1932 1135 et
1971 1045 2294 1152 Cumaea,
2359 1077 2436 1135 at
2500 1091 2690 1136 omne
2755 1082 2926 1154 opus

686 1199 920 1244 coram
952 1179 1027 1242 in
1044 1178 1577 1262 praedicatione
1610 1184 1675 1243 et
1707 1178 2025 1243 doctrina
2056 1178 2405 1260 consistat,
2453 1184 2656 1261 atque
2691 1179 2924 1264 aedifi-

684 1293 835 1354 cent
866 1292 1141 1350 cunctos
1165 1292 1306 1350 tam
1326 1285 1488 1370 fidei
1512 1285 1824 1365 scicntia,
1855 1305 2060 1368 quam
2085 1304 2369 1368 operum
2399 1284 2781 1368 discipli-na
2801 1283 2920 1367 (2).

686 1393 972 1459 Nostris
1032 1395 1274 1456 autem
1326 1392 1772 1475 temporibus
1821 1399 2127 1475 magnus
2190 1392 2528 1457 Pontifex
2595 1393 2761 1458 Pius
2819 1393 2928 1457 IX

689 1499 1071 1584 Episcopis
1105 1498 1389 1566 Galliae
1417 1500 1955 1566 commendavit
1987 1505 2086 1583 ut,
2116 1501 2190 1565 in
2220 1501 2756 1566 restauratione
2783 1505 2922 1566 stu-

692 1608 986 1673 diorum
1049 1625 1182 1690 pro
1259 1606 1678 1672 Seminariis
1744 1607 2139 1689 Majoribus
2206 1609 2416 1673 dictis
2482 1609 2930 1691 perficienda

691 1713 1245 1798 diligentissima
1281 1732 1458 1779 cura
1493 1713 1880 1778 cathedras
1914 1714 1958 1778 J
1963 1715 2108 1780 uris
2144 1715 2478 1779 canonici
2531 1716 2925 1798 erigerent,

690 1839 881 1904 quae
914 1820 1201 1904 quidem
1240 1820 1615 1903 dispositio
1652 1827 1952 1887 servata
1987 1828 2206 1904 atque
2241 1823 2641 1906 adimpleta
2707 1828 2818 1888 est
2855 1824 2933 1888 in

692 1926 1031 1994 Conciliis
1091 1928 1697 1994 Provincialibus.
1768 1930 2100 2012 Denique
2157 1931 2510 2008 Maximus
2594 1931 2932 1996 Pontifex

690 2034 839 2100 Leo
872 2035 1076 2116 XIII,
1108 2054 1248 2118 quo
1284 2037 1557 2119 sospite
1591 2037 1921 2120 fruimur,
1958 2037 2034 2102 in
2087 2037 2380 2102 decreto
2443 2057 2574 2120 per
2629 2040 2932 2104 Sacram

692 2140 1106 2226 Studiorum
1141 2140 1800 2225 congregationem
1831 2161 2063 2227 nuper
2120 2144 2314 2209 edito
2381 2143 2476 2229 (3)
2539 2163 2668 2228 pro
2736 2164 2930 2211 novo

694 2248 1093 2313 studiorum
1126 2248 1478 2331 regimine
1530 2249 1599 2314 in
1636 2248 2058 2314 Seminariis
2125 2249 2606 2316 Generalibus
2674 2252 2931 2334 Hispa-

694 2355 883 2439 niae,
923 2373 1109 2438 quae
1144 2356 1365 2438 vulgo
1412 2355 1766 2422 Centralia
1801 2355 2338 2440 nuncupantur,
2369 2359 2778 2441 statuendo,
2811 2377 2930 2423 ex-

692 2479 944 2545 presse
978 2463 1412 2545 praesc-ribit
1449 2468 1743 2546 praeter
1797 2463 2254 2528 Facultatem
2320 2465 2516 2529 Juris
2584 2463 2934 2531 Canonici

695 2569 1120 2635 cathedram
1152 2571 1548 2652 specialem
1581 2573 1661 2637 de
1695 2573 2254 2639 Institutionibus
2293 2570 2660 2640 Canonicis
2693 2575 2768 2638 in
2799 2574 2931 2639 Fa-

698 2677 970 2741 cultate
1008 2673 1279 2742 Sacrae
1311 2671 1756 2761 Theologiae
1791 2680 2052 2744 creari.
2593 2766 2604 2775 .

871 2786 977 2850 2.⁰
1070 2784 1317 2851 Studio
1345 2788 1389 2852 J
1394 2788 1539 2852 uris
1574 2788 2073 2853 Ecclesiastici
2110 2787 2414 2869 speciali
2439 2788 2650 2853 modo
2685 2806 2936 2855 curam

694 2891 1113 2975 impendere
1172 2893 1437 2957 debent
1473 2894 1776 2976 parochi
1810 2912 1937 2959 seu
1973 2894 2222 2959 clerici
2255 2894 2377 2977 qui
2412 2880 2934 2977 regimini’ani-

694 3017 974 3063 marum
1009 2999 1416 3081 intendunt,
1456 3005 1607 3064 tum
1676 3001 1768 3066 ad
1801 3000 2169 3084 implenda
2197 3002 2439 3065 officia
2465 3002 2573 3065 sui
2615 3004 2936 3068 muneris

695 3107 1089 3189 pastoralis
1138 3108 1352 3187 Juxta
1387 3107 1766 3173 Ecclesiae
1798 3103 2127 3174 normam
2189 3128 2278 3174 ac
2332 3112 2624 3193 regulas
2688 3130 2934 3194 praes-

698 3213 995 3296 criptas3
1064 3218 1213 3278 tum
1292 3214 1386 3278 ad
1443 3216 1818 3281 conflictus
1853 3218 2227 3301 utriusque
2249 3232 2259 3240 ·
2267 3218 2796 3300 jurisdictionis
2830 3221 2934 3285 vi-

696 3321 981 3402 tandos3
1026 3325 1175 3387 tum
1205 3322 1515 3406 denique
1550 3324 1644 3388 ad
1669 3326 2061 3391 solvendos
2097 3344 2309 3391 casus
2345 3328 2468 3409 qui
2503 3328 2579 3391 in
2613 3328 2938 3393 materiis
2975 3361 2984 3371 ·

696 3430 938 3495 minatis
972 3430 1322 3495 obvenire
1356 3435 1682 3513 possunt.

874 3536 978 3601 3.⁰
1069 3536 1467 3621 PostremO,
1518 3539 1778 3604 notitia
1843 3542 2176 3623 perfecta
2208 3539 2402 3605 Juris
2437 3540 2938 3607 Ecclesiastici

698 3665 877 3731 prae
913 3648 1242 3713 omnibus
1269 3646 1555 3711 clericis
1585 3648 2006 3712 necessaria
2041 3648 2406 3714 censenda
2432 3656 2543 3715 est
2575 3651 2745 3733 illis»,
2786 3650 2936 3734 qui-

696 3753 833 3820 bus
852 3754 1263 3837 jurisdictio
1290 3753 1791 3821 ecclesiastica
1809 3755 2192 3821 commissa
2209 3760 2322 3823 est
2339 3759 2485 3822 tam
2497 3775 2710 3841 quam
2737 3756 2940 3842 Epis:

838 3970 913 4029 (1)
986 3964 1167 4035 Epist.
1192 3963 1314 4036 III,
1339 3984 1455 4039 cap.
1481 3972 1528 4024 1.

844 4039 921 4107 (2)
995 4038 1115 4091 Can
1142 4042 1225 4091 25.

843 4112 922 4177 (3)
996 4110 1125 4164 Hoc
1151 4110 1495 4163 Decretum
1478 4128 1537 4165 m
1571 4112 1756 4173 forma
1775 4108 2202 4166 Instructionis'
2182 4127 2348 4179 jussu
2365 4112 2736 4166 Sanctissimi
2762 4102 2942 4166 Ponti-

700 4182 824 4235 ficis
850 4181 1061 4235 Leonis
1086 4182 1230 4233 XIII
1259 4182 1427 4235 Sacra
1451 4184 1776 4237 Studiorum
1819 4184 2194 4251 congregatio
2219 4184 2328 4237 sub
2354 4184 2448 4237 die
2475 4187 2541 4237 30
2589 4183 2630 4239 J
2634 4201 2751 4237 unu
2803 4187 2942 4238 anni

706 4257 836 4307 1896
862 4255 1019 4307 misit
1045 4254 1119 4306 ad
1144 4254 1455 4321 Episcopos
1482 4256 1859 4308 Ecclesiarum
1888 4255 2220 4325 Hispaniae,
2247 4258 2306 4308 in
2358 4256 2566 4323 quibus
2619 4254 2943 4311 Seminaria

705 4322 987 4379 Gentralia
1011 4327 1127 4393 jam
1154 4324 1228 4378 ab
1254 4340 1405 4378 anno
1436 4329 1568 4379 1852
1596 4328 1814 4379 collatis
1845 4328 2097 4380 consiliis
2124 4332 2310 4381 erecta
2333 4328 2576 4384 fuerant
