3332 5100
1319 329 1636 388 ..43-

342 475 810 554 servaretur,
880 490 1103 554 supra
1166 490 1415 537 omnes
1486 470 1874 554 cujuslibet
1937 471 2209 556 gentis,
2277 471 2593 556 regionis

345 586 474 645 aut
505 597 819 663 magnae
856 579 1242 644 Ecclesiae
1296 579 1701 663 Episcopos
1734 579 2144 663 praesidem
2202 583 2329 645 aut
2390 598 2595 662 supe-

344 687 616 752 riorem
644 686 1012 770 delegere,
1041 687 1156 751 cui
1187 687 1464 752 caeteri
1488 686 1764 751 honore
1799 689 1871 752 et
1901 688 2322 751 reverentia
2356 704 2597 770 prose-

346 798 771 878 querentur:
808 794 914 858 sic
945 792 1262 859 Sanctus
1289 794 1557 859 Paulus
1591 794 1831 858 Titum
1865 793 2241 859 Ecclesiae
2306 792 2599 860 Creten-

345 897 439 980 si,
472 897 758 962 insulae
794 897 1314 963 celeberrimae
1347 915 1441 964 ex
1497 898 1627 963 100
1661 898 2081 964 civitatibus
2147 899 2591 964 coalescenti

346 1003 735 1087 praefecit,
775 1003 1230 1069 Timotheum
1291 1022 1470 1070 vero
1525 1005 1905 1070 Ecclesiae
1958 1004 2396 1088 Ephesinae,
2458 1004 2595 1070 hoc

347 1114 486 1192 est,
518 1109 735 1191 juxta
771 1109 1041 1175 Divum
1075 1109 1120 1174 J
1125 1128 1434 1177 oannem
1470 1109 2068 1194 Chrysostomum
2124 1113 2246 1196 (1),
2315 1113 2438 1179 toti
2497 1133 2597 1177 re-

343 1217 539 1302 gioni
574 1221 702 1280 aut
731 1216 1002 1282 nationi
1029 1218 1276 1282 Asiae.

528 1323 717 1389 Hinc
743 1336 853 1389 est
880 1325 1094 1408 quod,
1113 1327 1286 1391 licet
1304 1327 1578 1392 diversi
1602 1327 1878 1411 gradus
1907 1328 2346 1393 hierarchici
2365 1331 2438 1393 et
2462 1328 2599 1392 dis-

347 1431 585 1495 tincta
616 1432 912 1495 nomina
947 1433 1204 1515 quibus
1229 1433 1749 1517 insigniuntur,
1778 1435 1936 1500 sive
1967 1435 2472 1519 Metropolitae,
2511 1438 2597 1498 si-

346 1557 447 1604 ve
508 1536 1053 1625 Archiepiscopi‚
1110 1542 1270 1606 sive
1327 1543 1687 1624 Primatis,
1755 1543 1914 1609 sive
1980 1542 2372 1625 Exarchae,
2440 1543 2597 1608 sive

345 1647 833 1731 Patriarchae‚
899 1649 991 1713 ab
1028 1649 1466 1713 auctoritate
1499 1648 1878 1715 Ecclesiae
1914 1651 2265 1733 originem
2317 1650 2599 1715 histori-

350 1773 516 1820 cam
550 1763 624 1819 et
649 1756 819 1837 jura
851 1756 1153 1839 propria
1186 1761 1550 1840 repetant,
1612 1763 1860 1823 tamen
1922 1779 2034 1824 res
2090 1760 2269 1844 ipsa,
2305 1762 2599 1824 essentia

349 1862 854 1944 institutionis,
890 1865 1279 1929 substantia
1309 1864 1728 1929 eorumdem
1762 1864 2143 1947 graduum,
2178 1867 2362 1931 ratio
2396 1883 2599 1948 prae-

350 1969 793 2033 eminentiae
828 1975 901 2033 et
947 1970 1506 2053 superioritatis,
1545 1988 1734 2053 quae
1783 1971 1947 2035 aliis
1993 1970 2374 2054 Episcopis
2422 1988 2601 2054 prae

351 2077 517 2141 aliis
553 2077 926 2160 competit,
964 2078 1389 2142 veneranda
1422 2078 1878 2143 institutione
1920 2076 2437 2160 Apostolorum
2467 2077 2599 2141 ful-

352 2184 568 2267 citur,
604 2186 821 2249 immo
858 2184 1079 2249 etiam
1106 2202 1405 2266 germen
1432 2185 1890 2268 primaevum
1920 2192 1993 2251 et
2022 2185 2345 2250 radicem
2372 2202 2599 2249 remo-

349 2292 709 2357 tissimam
755 2292 978 2357 habet
1033 2291 1107 2356 in
1161 2309 1505 2375 suprema
1548 2291 1983 2358 Jesuchristi
2039 2292 2443 2374 voluntate,
2481 2292 2601 2374 qui

350 2399 763 2465 Ecclesiam
798 2417 887 2464 ea
921 2403 1161 2464 mente
1194 2400 1590 2482 praecipue
1622 2401 1983 2483 fundavit,
2022 2406 2100 2464 ut
2147 2402 2341 2486 fieret
2393 2421 2601 2464 anum

352 2510 530 2577 ovile
566 2519 631 2575 et
664 2529 844 2575 anas
877 2509 1131 2575 Pastor
1166 2507 1285 2592 (2).
1449 2505 1454 2512 ’

534 2617 641 2681 6.⁰
735 2616 992 2698 Quoad
1024 2616 1419 2680 Primatum
1453 2615 1934 2679 Pontificium.
1975 2614 2456 2697 Exploratum
2493 2618 2603 2677 est

352 2724 719 2789 Romanos
783 2723 1169 2787 Pontifices
1203 2724 1293 2787 ab
1338 2722 1716 2787 Ecclesiae
1784 2721 2081 2787 exordio
2151 2739 2293 2786 non
2361 2723 2601 2785 omnia

354 2832 721 2897 Primatus
749 2831 920 2912 jura
955 2831 1398 2912 exercuisse,
1441 2830 1571 2894 sed
1602 2846 1735 2913 pro
1804 2830 2217 2894 eorumdem
2282 2828 2597 2911 explica-

357 2943 555 3008 tione
582 2949 809 3026 ·atque
842 2944 1263 3009 evolutione
1297 2942 1550 3026 populi
1581 2940 1961 3006 christiani
2016 2939 2595 3021 necessitatibuS,

356 3054 775 3131 temporum
823 3048 1185 3131 adjunctis
1247 3052 1321 3113 et
1385 3048 1573 3112 bono
1638 3046 2016 3112 Ecclesiae
2045 3048 2378 3129 regimini
2441 3065 2601 3112 sese

356 3162 919 3240 attemperasse,
958 3158 1133 3241 quin
1156 3158 1429 3222 idcirco
1452 3152 1623 3238 jura
1657 3157 2045 3239 posteriori
2094 3161 2364 3240 aetate,
2408 3173 2597 3220 nem-

358 3289 476 3354 pe,
516 3269 800 3353 epocha
833 3270 1378 3336 reservationum
1413 3266 1741 3334 exercita
1785 3266 2172 3333 adventitia
2232 3283 2360 3331 seu
2424 3267 2597 3331 acci-

503 3559 581 3624 (1)
659 3554 733 3608 In
756 3553 801 3608 I
816 3554 891 3610 ad
920 3554 1055 3609 Tim.
1082 3553 1245 3609 Hom.
1293 3557 1374 3607 15.

500 3630 577 3694 (2)
651 3628 955 3695 Ejusmodi
981 3643 1101 3680 rem
1127 3627 1363 3679 mirifice
1391 3626 1630 3691 exponit
1650 3624 1710 3679 S.
1739 3624 1852 3677 Leo
1871 3620 2117 3689 Magnus
2134 3622 2189 3676 in
2207 3620 2462 3690 Epistola
2487 3623 2603 3675 XII

359 3700 434 3753 ad
460 3699 897 3768 Anaethaeium,
924 3701 1086 3766 cujus
1112 3700 1527 3765 pretiosissima
1570 3696 1743 3751 verba
1771 3697 1958 3762 legere
1981 3698 2160 3763 juvat:
2181 3692 2340 3748 Inter
2364 3693 2599 3747 beatissi-

359 3787 473 3825 mos
492 3770 780 3838 Apostolos
804 3770 865 3822 in
887 3769 1243 3823 similitudine
1269 3767 1488 3821 honoris
1500 3766 1629 3835 fuit
1651 3767 1918 3834 quaedam
1942 3766 2190 3820 discretio
2223 3765 2529 3833 potestatis,
2551 3769 2601 3817 et

360 3857 478 3895 cum
504 3842 747 3895 omnium
770 3858 879 3909 par
903 3845 1039 3895 esset
1054 3841 1255 3907 electio,
1280 3842 1380 3893 uni
1407 3844 1587 3893 tamen
1612 3838 1805 3892 datum
1829 3841 1921 3899 est,
1943 3841 2009 3890 ut
2031 3840 2257 3891 caeteris
2271 3837 2601 3905 praeemine-

361 3916 456 3967 ret.
497 3917 587 3965 Da
614 3927 734 3972 QUA
760 3928 971 3966 ronan
999 3911 1391 3980 Episcoporum
1415 3926 1615 3978 qaoque
1639 3913 1721 3963 est
1743 3912 1864 3963 orta
1890 3908 2181 3972 distinctio,
2203 3912 2256 3962 et
2279 3924 2478 3977 mayna
2503 3909 2601 3961 dis-

352 3984 624 4053 positione
639 3984 923 4052 provisum
946 3988 1044 4050 est,
1068 4001 1135 4037 ne
1160 3998 1340 4037 omnes
1367 3982 1549 4035 omnia
1572 3981 1679 4036 sibi
1702 3980 2058 4046 vindicarent,
2082 3979 2175 4033 sed
2198 3984 2374 4033 essent
2413 3979 2474 4033 in
2496 3981 2599 4032 sin-

359 4055 507 4125 yulis
531 4056 828 4124 provinciis
850 4056 1067 4125 sinyuli,
1094 4071 1321 4122 quorum
1346 4054 1492 4107 inter
1505 4051 1728 4121 fratres
1749 4051 2040 4105 haberetur
2079 4050 2268 4118 prima
2315 4051 2603 4117 sententia,

364 4130 419 4180 et
439 4143 632 4181 rursus
655 4127 876 4195 quidam
900 4127 962 4180 in
984 4125 1288 4195 majoribus
1324 4123 1551 4179 urbibus
1597 4122 1880 4178 constituti
1925 4122 2344 4176 sollicitudinem
2384 4123 2603 4189 suscipe-

363 4202 489 4253 rent
534 4199 869 4268 ampliorem‚
886 4215 993 4267 per
1015 4214 1145 4266 quos
1169 4196 1242 4251 ad
1263 4213 1433 4251 unam
1457 4194 1615 4249 Petri
1645 4194 1838 4249 Sedem
1861 4194 2186 4249 universalis
2210 4191 2488 4248 Ecclesiae
2523 4211 2605 4247 cu-

365 4286 434 4323 ra
458 4271 762 4341 conflueret,
787 4274 842 4325 et
863 4270 1002 4325 nihil
1025 4286 1266 4338 unquam
1284 4287 1321 4323 a
1343 4284 1441 4323 suo
1465 4267 1656 4337 Capite
1675 4266 1976 4325 dissideret.
