3332 5100
1250 330 1608 390 -295—

311 474 542 560 ipsum
581 476 1310 540 consuetudinarium
1368 476 1642 540 saeculi
1681 476 1855 566 XII,
1915 478 2121 540 tanto
2175 480 2555 558 praestan-

312 586 476 666 tiuS,
516 588 864 666 quantum
902 584 1108 646 nobis
1146 584 1378 662 docet,
1424 584 1755 648 declarat
1789 586 2009 664 atque
2043 584 2243 646 recte
2311 582 2559 648 definit

308 692 788 774 Disciplinam
840 690 1276 756 Generalem
1342 690 1719 754 Ecclesiae
1783 690 1923 754 hac
1991 690 2247 754 critica
2313 696 2559 754 aetate

308 800 702 882 vigentem,
742 800 1006 880 nempe
1042 798 1348 882 epocha,
1390 816 1576 880 quae
1614 798 2189 862 antonomastice
2253 804 2559 862 vocatur

308 908 894 988 Restaurationis,
938 906 1278 988 quoniam
1318 924 1448 988 pro
1486 906 1981 970 instaurandis
2021 904 2369 986 scientiis,
2413 922 2557 968 mo-

308 1014 526 1096 ribuS,
568 1014 868 1095 artibus,
906 1014 1504 1096 institutionibus,
1544 1014 1767 1096 clero,
1799 1012 2165 1095 capitulis,
2205 1014 2373 1094 etc„
2415 1028 2557 1074 om-

308 1138 436 1184 nes
476 1122 774 1184 strenue
812 1120 1362 1184 adlaborarunt.

454 1228 608 1292 265.
710 1226 1194 1294 collectiones
1236 1227 1943 1310 Post-Gregorianae
1973 1232 2333 1294 vocantur
2359 1228 2557 1312 illae,

310 1354 496 1418 quae
534 1356 577 1400 a
618 1334 970 1418 Gregorio
1008 1336 1112 1400 IX
1148 1342 1378 1400 morte
1414 1354 1638 1418 usque
1671 1336 1765 1400 ad
1817 1334 2217 1400 Concilium
2267 1336 2563 1400 Triden-

308 1446 536 1510 tinum
576 1446 958 1510 confectae
992 1449 1182 1508 sunt.
1224 1444 1548 1524 Quatuor
1574 1450 2075 1528 numerantur,
2113 1446 2399 1526 nempe:
2459 1446 2561 1510 1.⁰

308 1552 562 1618 Sextus
598 1554 1080 1618 Decretalz'um
1114 1554 1472 1632 Bonifacii
1520 1554 1723 1634 VIII,-
1757 1552 1861 1616 2.⁰
1891 1552 2223 1616 collectio
2267 1550 2561 1618 Clemen-

310 1662 650 1742 tinarum,·
686 1658 788 1724 3.⁰
846 1660 1410 1746 Extravayantes
1446 1660 1743 1724 Joamzis
1795 1658 2029 1740 XXII;
2061 1656 2167 1722 41³
2215 1656 2565 1722 Eas-frava-

308 1776 550 1854 9antes
584 1788 988 1834 communes·

500 1874 658 1938 266.
782 1880 950 1938 Post
1018 1874 1250 1940 editas
1320 1872 1813 1956 Gregorianas
1877 1872 2335 1954 Decretales,
2403 1890 2567 1938 cum

308 2000 552 2048 novae
591 1984 842 2064 plures
872 2002 914 2046 a
940 1982 1280 2046 Romanis
1308 1982 1775 2046 Pontificibus
1807 1978 2375 2044 Constitutiones
2403 1998 2565 2062 pro-

313 2092 646 2172 diissent,
688 2094 760 2154 et
794 2088 1122 2154 Concilia
1160 2090 1296 2153 duo
1364 2090 1877 2172 Lugdunensia
1947 2088 2077 2152 sub
2141 2088 2567 2154 Innocentio

310 2202 410 2266 IV
446 2218 638 2264 anno
680 2198 850 2262 1243
886 2204 958 2262 et
994 2196 1346 2280 Gregorio
1386 2200 1454 2262 X
1492 2218 1683 2262 anno
1733 2198 1905 2261 1274
1967 2198 2339 2260 celebrata
2393 2198 2567 2262 mul-

312 2312 424 2372 tos
494 2324 812 2372 canones
880 2306 1396 2388 condidissent,
1466 2306 1885 2370 Bonifacius
1943 2304 2141 2386 VIII,
2211 2306 2333 2386 qui
2397 2308 2569 2370 tunc

314 2418 666 2498 temporis
700 2416 1098 2480 Romanum
1126 2416 1434 2498 gerebat
1456 2416 1981 2494 Pontificatum,
2015 2414 2101 2476 dc
2129 2432 2323 2478 nova
2355 2414 2565 2476 eden-

314 2524 406 2589 da
444 2524 880 2589 collectione
916 2524 1298 2587 consilium
1334 2524 1516 2587 iniit.
1560 2522 1769 2587 Hanc
1833 2522 2053 2603 igitur
2119 2522 2345 2585 tribus
2413 2541 2455 2585 a
2491 2541 2569 2587 se

316 2631 622 2697 delectis
658 2633 836 2695 viris
872 2631 1392 2711 perficiendam
1432 2631 1813 2711 commisit,
1855 2629 2225 2709 videlicet,
2273 2627 2569 2693 Guillel-

312 2759 426 2803 mo
462 2739 1036 2821 Archiepiscopo
1075 2739 1675 2819 Embrodunensi,
1733 2737 2175 2821 Berengario
2205 2735 2565 2819 Episcopo

314 2847 744 2929 Biterrensi,
776 2851 848 2909 et
876 2845 1234 2909 Richardo
1272 2847 1360 2909 de
1396 2845 1626 2927 Senis,
1664 2843 1735 2909 S.
1803 2845 1883 2907 R.
1951 2843 2033 2907 E.
2103 2845 2571 2909 Vicecanccl-

316 2957 508 3019 lario
536 2961 608 3017 et
644 2955 1014 3035 utriusque
1042 2955 1226 3035 juris
1266 2955 1568 3017 doctori.

500 3063 702 3127 Haec
738 3079 882 3125 non
916 3079 1126 3127 secus
1162 3067 1380 3145 atque
1440 3059 1897 3143 Gregoriana
1965 3059 2281 3143 quinque
2337 3057 2569 3141 libriS,

320 3175 393 3237 et
428 3169 684 3235 eodem
718 3171 1090 3235 titulorum
1126 3171 1376 3233 ordine
1414 3169 1697 3251 digesta
1725 3173 1859 3249 est,
1899 3173 1971 3232 et
2037 3169 2259 3249 vulgo
2319 3166 2571 3233 Sextus

320 3279 800 3345 Decretalium
836 3277 1270 3359 nominatur,
1332 3277 1562 3343 veluti
1620 3277 1937 3359 quinque
1987 3275 2337 3339 librorum
2397 3273 2573 3339 Gre-

322 3387 678 3469 got-ianae
716 3385 1252 3469 compilationis
1310 3385 1681 3473 appendix
1717 3385 2075 3467 quaedam
2135 3387 2207 3447 et
2263 3383 2575 3465 complc-

324 3497 674 3558 mentum.
1006 3545 1014 3549 .

508 3601 618 3665 Ab
646 3601 802 3683 ipso
840 3599 1216 3665 Bonifacio
1254 3599 1656 3681 publicata,
1725 3601 1797 3661 et
1859 3597 2083 3677 legali
2141 3595 2579 3659 auctoritate

326 3711 604 3775 munita
640 3711 772 3791 est,
802 3709 1004 3771 illam
1032 3705 1380 3771 mittendo
1418 3703 1646 3787 (1298)
1677 3701 2140 3769 universitati
2167 3701 2569 3765 Bononien-

328 3977 390 4031 in
418 3977 738 4043 Gymnasio
764 3979 1102 4043 Matritensi,
1128 3981 1294 4029 vetus
1340 3979 1610 4027 alumnus
1638 3973 1807 4039 Lycei
1835 3969 2198 4039 Hispalenuis
2243 3975 2299 4023 et
2325 3967 2585 4023 beneme-

328 4051 476 4103 ritus
502 4051 568 4101 D.
602 4051 924 4115 Raymundi
950 4051 1096 4101 Beas
1124 4049 1452 4115 discipuIUS,
1484 4051 1556 4101 ad
1584 4045 1917 4097 memoriam
1939 4049 2055 4095 tam
2083 4043 2359 4109 praeclari
2383 4043 2587 4107 Magis-

332 4125 404 4173 tri
434 4122 732 4173 colendam
760 4121 1324 4189 perpetuandamque
1346 4121 1454 4171 hoc
1474 4121 1889 4183 teslimonium,
1935 4117 2103 4167 sicuti
2127 4115 2267 4167 alias
2295 4115 2587 4167 doctrinas

332 4195 426 4245 vel
448 4193 750 4259 opiniones
776 4195 1154 4247 solidissimas
1178 4193 1352 4259 hujus
1378 4191 1584 4257 egregii
1612 4189 1943 4241 canonistae
1965 4187 2131 4239 affert
2149 4187 2207 4239 in
2235 4187 2457 4241 erudito
2483 4199 2589 4239 suo

338 4261 510 4318 Libro
534 4263 812 4335 Isayoyico
838 4281 940 4319 seu
968 4263 1372 4333 Proleyomenis
1400 4261 1675 4317 Scientiac
1707 4257 2021 4314 Canonicae.
