3332 5100
1666 342 2027 407 -344-

1473 572 2029 649 APPENDIX
2079 572 2196 650 IV

1741 700 1952 709 -..—-.-—.-

724 806 1112 953 Rutyulina
1158 805 1581 921 ‘immortale
1619 806 1780 939 Dei„
1825 817 1866 919 i
1905 805 2170 921 Summo
2200 808 2532 921 Pontiflne
2559 808 2776 919 Leone
2813 806 2974 919 XIII

1460 986 1719 1055 ANNO
1757 988 1929 1053 1885
1960 987 2213 1055 LATA

1559 1244 1726 1307 Leo
1749 1246 1876 1306 PP.
1910 1230 2098 1307 X111'.
2163 1194 2168 1201 ¹

1054 1418 1455 1478 Vener-abilae
1496 1418 1786 1495 Fratres,
1810 1418 2089 1477 salutem
2118 1422 2179 1477 et
2206 1417 2646 1495 Apostolicam

1568 1517 2118 1577 Benedictionem.

846 1683 1233 1745 Immortale
1256 1684 1382 1745 Dei
1410 1686 1794 1747 miserentis
1828 1701 2014 1760 opuS,
2048 1685 2227 1759 qued
2257 1691 2359 1745 est
2387 1676 2974 1759 Ecclesia,quam-

721 1780 921 1839 quam
946 1781 1066 1839 per
1096 1782 1166 1825 se
1194 1771 1260 1825 et
1285 1772 1528 1826 natura
1558 1782 1680 1825 sua
1703 1767 1990 1828 salutem
2021 1772 2283 1840 spectat
2313 1766 2687 1824 animarum
2716 1765 2970 1839 adipis·
2997 1788 3002 1791 ·

721 1846 1146 1919 cendamque
1178 1846 1247 1904 in
1282 1847 1489 1905 coelis
1518 1846 1941 1921 felicitatem,
1975 1852 2204 1907 tamen
2241 1846 2479 1919 inipso
2505 1846 2709 1907 etiam
2737 1861 2976 1905 rerum

722 1926 1108 1985 mortalium
1150 1942 1403 1999 genere
1430 1934 1529 1985 tot
1551 1944 1632 1987 ac
1658 1934 1883 1987 tantas
1915 1928 2090 1987 ultro
2121 1927 2300 2001 parit
2328 1926 2679 1999 utilitates,
2707 1926 2973 2000 ut,plu-

720 2021 829 2063 res
853 2006 1227 2065 maioresve
1258 2023 1392 2071 non
1436 2015 1682 2082 posset,
1719 2008 1776 2066 si
1805 2009 1874 2066 in
1903 2008 2136 2081 primis
2177 2019 2244 2065 et
2297 2006 2594 2065 maxime
2650 2014 2828 2076 esset
2871 2008 2974 2065 -ad

720 2087 1037 2145 tuendam
1066 2087 1260 2145 huius
1291 2089 1497 2161 vitae,
1533 2104 1707 2162 quae
1758 2088 1822 2145 in
1878 2089 2078 2145 terris
2138 2088 2386 2163 agitur,
2442 2088 2974 2162 prosperitatem

720 2166 1477 2226 institutum.-—·Revera
1509 2184 1932 2243 quacumque
1963 2168 2272 2227 Ecclesia
2301 2169 2665 2242 vestigium
2714 2168 2967 2241 posuit,

720 2247 1037 2306 continuo
1069 2262 1295 2306 rerum
1352 2249 1601 2307 faciem
1646 2249 2048 2321 immutavit,
2084 2249 2576 2322 popularesque
2610 2262 2827 2305 mores
2879 2248 2970 2305 si-

718 2335 833 2385 cut
861 2327 1227 2386 virtutibus
1258 2335 1459 2387 antea
1491 2330 1765 2403 ignotiS,
1800 2330 1894 2387 ita
1935 2335 2001 2387 et
2031 2345 2208 2387 nova
2262 2330 2650 2387 urbanitate
2695 2328 2966 2388 imbuitz

720 2422 921 2481 quam
945 2414 1272 2482 quotquot
1319 2426 1647 2483 accepere
1691 2409 1948 2485 populi,
2004 2409 2538 2481 mansuetudine,
2591 2407 2964 2481 aequitate,

602 2502 623 2509 ·
718 2503 945 2547 rerum
975 2496 1317 2564 gestarum
1341 2491 1559 2564 gloria
1590 2488 2306 2549 excelluerunt-Sed
2347 2496 2543 2548 vetus
2575 2496 2801 2547 tamen
2845 2488 2970 2547 illa

720 2575 820 2628 est
850 2576 1054 2643 atque
1104 2571 1385 2644 antiqua
1434 2572 1866 2645 vituperatio,
1919 2572 2097 2645 quod
2147 2570 2524 2629 Ecclesiam
2572 2571 2763 2628 aiunt
2815 2585 2969 2629 esse

718 2666 871 2709 cum
899 2651 1278 2709 rationibus
1307 2652 1728 2726 reipublicae
1758 2651 2217 2724 dissidentem,
2251 2667 2377 2710 nec
2401 2651 2772 2724 quidquam
2815 2666 2968 2724 pos-

720 2745 792 2787 se
825 2730 912 2788 ad
964 2746 1044 2788 ea
1075 2732 1186 2789 vel
1218 2733 1568 2790 commoda
1617 2733 1730 2790 vel
1787 2737 2186 2790 ornamenta
2247 2731 2587 2802 conferre,
2646 2747 2818 2804 quae
2845 2746 2970 2795 suo

719 2810 865 2868 iure
897 2826 1151 2885 suaque
1199 2819 1434 2885 sponte
1492 2813 1705 2871 omnis
1756 2813 1931 2870 bene
1983 2812 2350 2872 constituta
2395 2811 2642 2871 civitas
2677 2811 2962 2886 appetit.

718 2889 855 2949 Sub
883 2891 1047 2964 ipsis
1078 2891 1426 2950 Ecclesiae
1456 2892 1844 2966 primordiis
1900 2907 2034 2950 non
2083 2892 2395 2952 dissimili
2449 2890 2782 2966 opinionis
2837 2891 2964 2950 ini-

718 2970 979 3045 quitate
1008 2971 1259 3051 agitari
1284 2973 1712 3046 christianOS,
1759 2980 1826 3031 et
1854 2973 1924 3032 in
1955 2973 2179 3030 odium
2231 2972 2696 3045 invidiamque
2725 2972 2965 3030 vocari

718 3051 945 3110 solitos
979 3051 1108 3110 hac
1137 3053 1340 3111 etiam
1389 3053 1472 3111 de
1526 3069 1733 3112 causa
1777 3053 2186 3127 accepimus,
2234 3052 2414 3126 quod
2440 3054 2664 3110 hostes
2695 3052 2968 3125 imperii

718 3130 1128 3190 dicerentur:
1180 3148 1308 3206 quo
1360 3140 1659 3207 tempore
1727 3134 2055 3192 malorum
2110 3133 2400 3206 culpam,
2467 3134 2714 3207 quibus
2783 3140 2967 3190 esset

714 3211 1029 3286 perculsa
1058 3214 1469 3287 respublica,
1505 3214 1708 3288 vulgo
1740 3214 1998 3272 libebat
2027 3214 2097 3270 in
2149 3213 2592 3274 christianum
2645 3212 2964 3271 conferre

715 3306 979 3365 nomen,
1015 3307 1167 3350 cum
1196 3309 1437 3352 revera
1468 3294 1646 3352 ultor
1697 3295 2029 3353 scelerum
2059 3293 2240 3352 Deus
2284 3309 2536 3368 poenas
2582 3310 2622 3352 a
2652 3293 2965 3352 sontibus

718 3371 927 3429 iustas
976 3373 1306 3446 exigeret.
1352 3373 1513 3432 Eius
1562 3375 1886 3433 atrocitas
1939 3374 2320 3433 calumniae
2370 3389 2507 3433 non
2557 3375 2702 3432 sine
2753 3389 2966 3432 causa

716 3451 1063 3527 ingenium
1092 3453 1383 3512 armavit
1412 3454 1774 3528 stilumque
1813 3454 1998 3513 acuit
2044 3453 2429 3528 Augustini:
2487 3454 2603 3528 qui
2653 3469 2962 3527 praeser-

716 3531 836 3589 tim
866 3532 934 3590 in
968 3531 1247 3592 Civitate
1269 3535 1394 3594 Dei
1422 3536 1744 3594 virtutem
1777 3535 2188 3595 christianae
2221 3529 2619 3610 sapientiae,
2650 3551 2784 3608 qua
2810 3549 2963 3608 par-

716 3619 781 3670 te
808 3613 1378 3674 necessitudinem
1406 3615 1613 3674 habet
1662 3631 1815 3674 cum
1863 3631 1936 3674 re
1993 3615 2288 3689 publica,
2350 3621 2536 3674 tanto
2593 3615 2664 3674 in
2706 3614 2964 3674 lumine

716 3693 1098 3768 collocavit,
1133 3701 1207 3754 ut
1234 3710 1369 3754 non
1400 3701 1537 3754 tam
1575 3711 1694 3770 pro
1746 3695 2134 3754 christianis
2165 3695 2269 3754 sui
2320 3696 2639 3770 temporis
2696 3694 2958 3754 dixisse

688 3789 1007 3847 causam,
1059 3790 1261 3848 quam
1310 3776 1392 3836 de
1424 3777 1820 3834 criminibus
1872 3776 2064 3834 falsis
2096 3782 2494 3850 perpetuum
2547 3775 2964 3850 triumphum

716 3855 937 3928 egisse
961 3855 1299 3914 videatur.
1320 3854 1720 3916 -Similium
1747 3864 1971 3916 tamen
2002 3857 2431 3930 querelarum
2459 3863 2664 3929 atque
2687 3855 2966 3916 insimu-

713 3933 1039 3994 lationum
1060 3935 1332 3997 funesta
1370 3936 1579 3995 libido
1603 3952 1738 3995 non
1768 3936 2048 4012 quievit,
2103 3953 2184 3995 ac
2221 3936 2572 4011 permultis
2598 3952 2760 3995 sane
2818 3936 2963 4010 pla-

714 4015 855 4073 cuit
884 4015 1155 4075 civilem
1194 4015 1472 4075 vivendi
1520 4018 1951 4091 disciplinam
2001 4015 2273 4076 aliunde
2324 4023 2579 4092 petere,
2615 4032 2818 4092 quam
2870 4031 2965 4076 ex

713 4094 1060 4169 doctrinis,
1097 4111 1265 4170 quas
1297 4097 1603 4156 Ecclesia
1657 4098 1994 4156 catholica
2041 4098 2304 4172 probat.
2363 4097 2572 4156 Immo
2621 4104 2963 4172 postremo

712 4175 837 4233 hoc
861 4182 1161 4250 tempore
1190 4195 1453 4254 novum,
1483 4183 1557 4236 ut
1607 4179 1976 4253 appellant,
2027 4178 2158 4251 ina,
2212 4179 2391 4252 quod
2440 4177 2758 4251 inquiunt
2807 4193 2962 4238 esse

712 4257 900 4315 velut
958 4257 1297 4332 quoddam
1352 4258 1568 4318 adulti
1615 4259 1751 4318 iam
1797 4259 2054 4319 saeculi
2101 4259 2612 4334 incrementum,
2675 4273 2955 4335 progre-
