3332 5100
1263 379 1578 440 ...77-

301 525 391 590 da
422 529 536 591 est
568 524 966 591 antinomia
1000 542 1127 589 seu
1179 524 1660 590 contrarietas
1719 524 1984 607 legum,
2023 543 2115 590 ne
2161 525 2542 609 legistator

299 633 433 697 sibi
467 631 950 712 contradicat;
988 630 1281 697 aliunde
1316 631 1672 696 correctio
1703 632 1888 714 juris
1923 635 2294 716 tamquam
2348 632 2542 697 odio-

302 760 381 806 sa
408 741 743 805 habetur.

476 848 586 912 2?
674 847 761 912 Iu
792 865 1127 913 concursu
1158 846 1330 930 lepis
1360 845 1706 929 ‚qeneralis
1731 865 1882 910 cum
1908 847 2057 911 alia
2091 847 2231 932 lcye
2265 866 2544 932 ymera-

301 957 371 1038 li,
404 956 468 1020 si
502 954 898 1021 conciliatio
922 953 1292 1035 utriusque
1328 953 1617 1017 obtineri
1651 956 1960 1036 nequeat,
1995 952 2108 1018 lex
2144 975 2321 1019 nova
2353 954 2540 1020 dero·

300 1069 413 1148 ραι*
427 1062 696 1145 priori,·
721 1060 827 1123 ita
862 1059 1053 1123 enim
1089 1062 1417 1122 statuunt
1442 1057 1895 1122 Decretales:
1941 1058 2342 1124 “Romanus
2367 1059 2547 1124 Pon·

303 1168 507 1250 tifex,
547 1169 671 1251 qui
711 1167 880 1249 jura
930 1167 1172 1232 omnia
1226 1167 1301 1231 in
1354 1166 1622 1230 scrinio
1674 1168 1991 1249 pectoris
2039 1168 2151 1232 sui
2209 1171 2548 1232 censetur

302 1273 599 1357 habere,
631 1273 1220 1338 constitutionem
1254 1273 1631 1338 condendo
1680 1274 2186 1358 posteriorem,
2224 1275 2544 1359 priorem

255 1399 259 1403 ’
304 1399 661 1448 revocare
696 1382 1063 1466 noscitur„
1098 1381 1219 1462 (1).

480 1488 591 1554 3?
676 1491 765 1554 Iu
797 1509 1133 1555 concursu
1168 1487 1339 1573 leyis
1373 1489 1701 1573 specialis
1736 1510 1888 1554 cum
1935 1490 2075 1576 leye
2121 1492 2452 1575 yeuerali,
2489 1492 2551 1556 si

307 1597 697 1662 contrariae
728 1596 887 1676 siut,
920 1602 1211 1679 utraque
1244 1595 1587 1660 servanda
1644 1605 1762 1678 est,
1801 1595 2170 1675 videlicet,
2208 1598 2551 1681 qeneralis

308 1708 676 1787 tamquam
702 1703 984 1785 regula,
1021 1703 1347 1788 specialis
1381 1708 1621 1766 autem
1652 1703 1883 1768 veluti
1932 1705 2295 1786 excepti0,
2341 1703 2552 1785 juxta

309 1811 637 1893 regulam
671 1809 987 1875 XXXIV
1010 1811 1085 1874 in
1117 1809 1362 1875 Sexto:
1396 1811 1647 1877 Generi
1660 1831 1796 1895 per
1825 1811 2118 1895 speciem
2154 1812 2552 1897 deroyatur,·

310 1918 686 1982 notissima
712 1919 903 1982 enim
931 1921 1098 1982 sunt
1110 1918 1337 1984 verba
1353 1918 1711 1983 Bonifacii
1732 1918 1928 1983 VIII:
1953 1917 2354 1983 “Romanus
2375 1921 2552 1984 Pon-

312 2026 515 2108 tifex,
558 2045 719 2091 cum
754 2028 1079 2092 locorum
1112 2028 1540 2111 specialium
1576 2028 2133 2093 consuetudines
2189 2029 2418 2111 possit
2451 2029 2552 2112 ig·
2642 2044 2647 2049 ·

311 2151 601 2216 nor-are,
637 2135 839 2218 ipsiS,
876 2135 1014 2200 nisi
1048 2135 1136 2200 de
1183 2135 1271 2200 iis
1321 2153 1746 2218 expressam
1793 2137 2021 2202 faciat
2079 2138 2548 2219 mentionem,

313 2259 453 2306 non
491 2242 926 2325 intelligitur
958 2242 1357 2328 derogare„
1397 2243 1515 2328 (2).

472 4258 548 4320 (1)
621 4255 944 4309 Bonifacius
973 4258 1134 4324 VIII,
1162 4273 1280 4325 cap.
1310 4257 1333 4309 Ι
1360 4256 1425 4310 de
1450 4251 1950 4318 Constitutionibu8‚
1976 4256 2034 4307 in
2061 4257 2142 4305 6.0

473 4330 551 4397 (2)
625 4323 831 4381 Eodem
850 4326 945 4382 loc.
