3332 5100
1710 342 2060 401 —128—

765 485 843 551 in
874 485 1410 551 constructione
1437 487 1846 568 peccatum,
1885 486 2099 551 fidem
2130 489 2204 552 te
2229 487 2559 551 nolumus
2587 487 2994 573 adhibere3„

767 597 1114 677 attamen,
1153 595 1213 659 si
1247 598 1528 658 tantum
1589 594 1877 660 deesset
1943 596 2190 678 aliqua
2249 597 2519 677 littera,
2571 597 2998 679 rescriptum

763 704 991 782 valet,
1028 702 1295 767 etenim
1329 701 1699 767 Honorius
1733 702 1844 767 III
1911 703 2005 784 (1)
2057 703 2383 768 validum
2439 703 2846 767 declaravit
2898 721 3000 767 re-

764 809 1116 892 scriptum
1149 808 1224 872 in
1260 825 1399 890 quo
1436 807 1691 872 deerat
1722 808 1955 890 figura
1989 807 2047 874 Ο
2082 810 2157 873 in
2204 811 2431 873 verbo
2493 809 2996 891 SPOLIARUNT3

764 916 869 980 3.⁰
902 916 1252 997 irrogatio
1288 914 1535 979 damni
1569 915 1792 979 alicui
1843 915 2059 979 tertio
2111 915 2267 979 sine
2321 935 2673 998 expressa
2709 917 3000 999 deroga-

763 1024 959 1088 tione
991 1025 1292 1105 regulae
1327 1022 1573 1087 XVIII
1611 1021 2126 1087 Cancellariae
2159 1025 2267 1089 De
2309 1029 2475 1111 jure
2513 1027 2818 1109 quaesito
2873 1047 3002 1089 ‘non

764 1133 1081 1214 tollendo,
1138 1134 1210 1196 et
1273 1129 1608 1214 quamvis
1677 1130 1863 1195 istae
1933 1131 2237 1213 regulae
2309 1133 2723 1215 derogetur,
2776 1133 3004 1195 adhuc

765 1239 1212 1304 considerari
1238 1239 1477 1318 debet,
1516 1257 1610 1303 an
1649 1239 2002 1320 ejusmodi
2038 1239 2417 1321 derogatio
2455 1241 2633 1305 vere
2685 1241 3004 1321 proficua

766 1350 839 1411 et
870 1347 1064 1411 utilis
1093 1347 1387 1429 evadat,
1418 1348 1589 1430 quia
1623 1346 1712 1411 de
1764 1365 1988 1412 causa
2054 1350 2351 1431 publica
2407 1351 2671 1431 agitur,
2732 1351 2808 1413 in
2868 1369 3006 1433 qua

756 1455 877 1534 jus
906 1454 1101 1518 tertii
1129 1454 1275 1535 J‘uri
1302 1454 1593 1533 publico
1629 1456 2239 1539 postponendum,
2281 1459 2341 1521 si
2379 1459 2569 1521 enim
2619 1459 3006 1541 contigerit

765 1561 1313 1643 derogationem
1347 1566 1629 1626 tantum
1664 1580 1799 1645 pro
1837 1564 2024 1628 bono
2061 1565 2493 1646 particulari
2527 1571 2651 1629 aut
2715 1567 3004 1649 privato

764 1668 944 1751 fieri,
1034 1687 1322 1751 semper
1402 1670 1930 1751 laraejndicium
2017 1672 2215 1736 tertii
2299 1673 2537 1737 vitare
2647 1675 3006 1755 oportebit

764 1776 984 1840 etiam
1018 1776 1419 1840 Romanum
1449 1775 1873 1842 Pontificem
1925 1778 2065 1842 hac
2099 1778 2189 1843 de
2221 1797 2301 1843 re
2357 1779 2826 1861 consulendO,
2870 1799 3006 1843 ma-

768 1882 965 1947 xime
1000 1900 1161 1948 cum
1195 1883 1441 1965 plures
1467 1883 1829 1948 Doctores
1901 1884 2231 1949 dubitent
2283 1889 2517 1951 utrum
2565 1887 2910 1951 Pontifex
2940 1889 3008 1951 in

766 1989 1004 2054 causis
1043 1990 1353 2073 privatis
1410 1991 1567 2054 sine
1604 1992 1820 2073 gravi
1848 1992 2134 2056 ratione
2168 1995 2401 2075 possit
2427 1995 2545 2073 jus
2603 1995 3008 2075 quaesitum

766 2098 1057 2162 auferre
1090 2102 1163 2163 et
1191 2099 1551 2181 rescripta
1590 2101 2001 2182 hujusmodi
2051 2118 2140 2165 ea
2204 2106 2445 2165 mente
2501 2103 2888 2185 impertiri,
2938 2105 3010 2165 ut

766 2207 1080 2271 efectum
1110 2212 1673 2290 consequantur;
1709 2207 1818 2271 4.⁰
1851 2212 2218 2290 postrema
2253 2213 2429 2273 nota
2463 2209 2808 2273 falsitatis
2847 2209 3002 2289 erit,

766 2316 828 2380 si
903 2315 1267 2397 rescripta
1324 2332 1470 2378 non
1530 2315 1676 2379 sint
1737 2316 2018 2380 munita
2087 2317 2431 2381 clausulis
2501 2317 3004 2399 derogatoriis„

768 2421 1353 2488 Controvertitur
1383 2422 1576 2504 apud
1640 2424 2058 2512 canonistas
2118 2427 2357 2488 utrum
2413 2425 2744 2489 clausula
2796 2441 3008 2505 gene-

765 2530 941 2594 ralis
974 2528 1362 2597 Contrariis
1428 2530 1959 2614 quibuscamque
2011 2552 2147 2596 non
2211 2534 2631 2596 obstantibus
2695 2532 3012 2594 sufficiat

768 2638 861 2703 ad
948 2639 1445 2722 derogandum
1537 2638 1838 2721 Regulis
1905 2637 2409 2704 Cancellariae
2465 2644 2539 2704 et
2613 2640 3010 2702 canonibus

737 2746 1259 2813 ¹Conciliorum
1293 2747 1778 2830 generalium,
1809 2764 1905 2809 an
1933 2764 2139 2829 ver0,
2178 2763 2339 2810 cum
2407 2746 2495 2810 de
2555 2748 2665 2810 his
2723 2752 3006 2828 agatur,

767 2855 1113 2937 specifica
1151 2853 1625 2936 derogatione
1685 2871 1864 2936 opus
1929 2854 2046 2935 sit3
2096 2856 2365 2918 etenim
2413 2854 2651 2936 quoad
2697 2854 3010 2936 Regulas

770 2961 1300 3043 Cancellariae,
1338 2961 1597 3042 regula
1648 2961 1731 3025 71
1768 2962 2022 3025 statuit
2077 2963 2257 3026 nulli
2283 2980 2533 3026 earum
2599 2980 2760 3026 esse
2810 2962 3010 3024 dero-

770 3069 1085 3150 gandum
1120 3086 1250 3151 per
1301 3068 1689 3133 formulam
1727 3069 2174 3151 generalem,
2247 3072 2321 3132 et
2385 3070 2625 3152 quoad
2681 3066 3010 3134 Canones

771 3173 1257 3240 Conciliorum
1296 3173 1946 3240 oecumenicorum
1980 3175 2449 3239 Innocentius
2483 3174 2591 3238 III
2617 3174 2691 3236 in
2724 3172 3010 3254 Synodo

768 3283 1252 3348 Lateranensi
1287 3283 1845 3348 decrevit—“ne
1881 3283 2041 3365 quis
2098 3282 2291 3347 ultra,
2349 3284 2525 3346 duas
2565 3282 2846 3344 diaetas
2896 3298 3008 3344 ex·

769 3394 888 3455 tra
948 3408 1152 3454 suam
1220 3390 1629 3456 Dioecesim
1696 3411 1828 3476 per
1861 3393 2148 3458 litteras
2180 3392 2621 3476 apostolicas
2679 3390 2774 3454 ad
2828 3388 3008 3472 judi-

771 3499 961 3564 cium
999 3497 1191 3563 trahi
1226 3503 1498 3581 posset,
1537 3501 1676 3564 nisi
1710 3500 1797 3565 de
1839 3518 2139 3565 assensu
2197 3502 2513 3583 partium
2563 3500 2834 3562 fuerint
2890 3500 3008 3560 im-

769 3612 1139 3692 petratae,
1177 3609 1299 3673 vel
1334 3625 1719 3691 expresam
1769 3608 1858 3672 de
1912 3609 2077 3691 ipsa
2132 3606 2665 3674 Constitutione
2707 3606 3012 3670 fecerint

770 3716 1208 3781 mentionem
1242 3715 1409 3800 (2).„
1446 3714 1654 3780 Hanc
1686 3715 2097 3779 Innocentii
2122 3712 2723 3780 constitutionem
2763 3712 3010 3776 confir-

772 3823 1003 3888 mavit
1047 3826 1306 3905 postea
1371 3822 1733 3888 Honorius
1782 3821 1892 3887 III
1948 3821 2413 3905 Apostolicas
2471 3820 2758 3882 litteras
2816 3822 3010 3880 ratas

916 4185 993 4247 (1)
1068 4165 1210 4249 Cap.
1240 4184 1300 4234 11
1331 4180 1395 4234 de
1406 4179 1522 4250 fide
1545 4180 1890 4235 instrument.

916 4257 991 4323 (2)
1065 4252 1207 4322 Gap.
1238 4255 1304 4306 18
1330 4252 1395 4308 de
1418 4250 1738 4323 Rescriptis.
