3332 5100
1233 369 1593 429 -271—

298 531 521 580 nones
557 513 976 603 ..Africanos
1043 513 1494 597 compilavit,
1554 515 1809 580 verum
1875 514 2097 580 etiam
2176 517 2534 600 quaedam

297 625 759 699 monumenta
793 637 887 686 ex
915 604 1265 686 Ecclesiis
1319 619 1714 687 Graecaet
1766 621 2168 704 Hispanica
2218 630 2528 707 sumpta.

470 728 624 794 242.
721 726 1029 793 Saeculo
1065 727 1202 793 VII
1258 731 1598 811 exeunte,
1652 728 1785 791 sub
1850 727 2156 793 Leontio
2214 729 2534 814 Impera-

297 840 476 919 tore,
515 853 678 901 cum
711 833 1104 900 Sarraceni
1133 835 1460 900 Africam
1495 838 1971 918 occuparunt,
2023 837 2211 903 vixit
2243 838 2536 921 quidam

295 944 698 1028 Episcopus
732 942 1120 1010 Africanus
1155 941 1587 1010 Cresconius
1644 945 1768 1010 vel
1825 943 2239 1012 crisconius
2274 948 2532 1030 dictae,

300 1053 500 1135 cujus
535 1052 674 1118 duo
703 1051 1315 1117 circumferuntur
1350 1070 1601 1136 opera,
1643 1053 1954 1117 alterum
2018 1054 2209 1137 quod
2242 1044 2534 1120 Brevia-

298 1162 479 1226 rium
515 1176 898 1240 canonum,
930 1159 1238 1224 alterum
1267 1160 1460 1243 quod
1499 1158 1883 1227 Concordia
1910 1166 2035 1226 aut
2091 1162 2310 1226 etiam
2335 1161 2538 1227 Liber

297 1289 634 1335 canonum
669 1266 1109 1349 appellatur,
1149 1267 1318 1348 quia
1344 1271 1622 1350 auctor,
1663 1268 1736 1331 in
1774 1272 2014 1333 mente
2042 1268 2294 1334 habuit
2326 1286 2536 1335 cano-

295 1393 423 1439 nes
457 1380 532 1439 et
566 1372 998 1438 Decretales
1026 1372 1443 1440 Pontificias
1505 1375 1581 1439 in
1641 1374 2108 1441 concordiam
2156 1393 2534 1442 revocare.

295 1480 643 1546 Nonnulli
668 1479 904 1544 critici
937 1485 1316 1546 autumant
1350 1479 1821 1547 Cresconium
1842 1501 2062 1548 unam
2086 1487 2372 1548 tanturn
2398 1486 2538 1550 col-

296 1589 687 1654 lectionem
751 1589 1218 1672 concinnase,
1250 1589 1621 1672 videlicet,
1694 1589 2148 1661 Concordiam
2203 1613 2542 1659 canonum

297 1695 370 1760 in
395 1695 532 1761 300
554 1713 893 1760 numeros
920 1697 1265 1761 tributam
1294 1700 1367 1761 et
1399 1698 1749 1780 epistolas
1777 1697 2203 1764 Decreta-les
2240 1716 2401 1763 cum
2426 1717 2540 1764 ca-

299 1803 609 1867 nonibus
638 1803 1178 1884 conciliantem,
1213 1803 1802 1887 compilationem
1832 1809 2074 1869 autem
2098 1805 2544 1872 Breviarium

297 1914 792 1993 nuncupatam
826 1910 1119 1974 minime
1148 1915 1515 1995 tamquam
1551 1930 1823 1977 novum
1858 1929 2039 1995 opus
2103 1913 2544 1979 censendam

300 2037 482 2101 esse,
523 2037 686 2083 cum
711 2037 977 2083 revera
1012 2020 1374 2085 exstiterit
1409 2019 1501 2084 ad
1563 2021 1795 2084 instar
1856 2020 2114 2085 indicis
2179 2021 2544 2104 generalis

301 2128 518 2193 totius
554 2127 1032 2211 collectionis,
1071 2128 1145 2191 in
1208 2145 1348 2210 quo
1386 2144 1589 2192 mera
1651 2128 2163 2193 enunciatione
2231 2146 2544 2194 canones

299 2235 738 2300 indicantur.
1974 2291 1979 2295 .

478 2341 734 2419 Codex
761 2340 1135 2407 Cresconii
1198 2342 1485 2408 ratione
1546 2343 1871 2408 methodi
1933 2342 2360 2408 doctrinalis
2425 2345 2544 2408 ha-

300 2453 577 2518 bendus
613 2454 746 2532 est,
780 2453 854 2514 et
882 2450 972 2513 ob
1009 2451 1509 2514 extensionem
1545 2451 1737 2517 inter
1785 2451 2151 2534 perfectos
2208 2469 2546 2516 annume-

301 2562 596 2645 randUS,
631 2558 989 2643 siquidem
1026 2576 1344 2623 canones
1383 2559 1709 2641 integros
1746 2560 2319 2641 comprehendit:
2361 2578 2544 2625 com—

301 2668 648 2754 plectitur
685 2684 1003 2731 canones
1055 2665 1469 2751 AfricanOS,
1515 2665 1838 2732 Graecos
1896 2672 2115 2749 atque
2163 2655 2546 2750 Hispanos.

433 2772 593 2837 243.
644 2772 846 2839 Inter
884 2774 1355 2838 collectiones
1387 2773 1713 2840 Gallicas
1740 2776 2191 2857 potissimum
2219 2793 2546 2841 recense-

302 2882 364 2945 ri
388 2884 783 2947 merentur:
823 2880 1052 2949 Codeoe
1077 2880 1453 2980 Canariam,
1495 2882 2546 2968 CapitulariaRegumFranco-

301 3009 485 3075 rum,
521 2988 1238 3075 Compilationesque
1266 2992 1357 3056 ab
1383 2992 1611 3058 Ivone
1634 2990 2065 3057 Carn‘otensi
2096 2993 2544 3057 elaboratae.

479 3096 634 3161 244.
731 3097 904 3161 Post
960 3098 1430 3164 saevissimas
1495 3100 2041 3182 persecutiones
2101 3118 2144 3163 a
2208 3100 2548 3163 Romanis

301 3205 877 3287 Imperatoribus
912 3211 1170 3270 contra
1201 3206 1604 3271 Ecclesiam
1641 3206 2129 3276 Christianam
2160 3207 2376 3289 latas,
2410 3225 2548 3290 quo

304 3316 658 3396 tempore,
698 3330 829 3394 pro
869 3314 1063 3381 omni
1098 3315 1356 3396 regula
1406 3314 1498 3379 ad
1546 3332 1783 3381 mores
1841 3314 2378 3396 componendos
2447 3321 2546 3379 at-

306 3439 442 3504 que
494 3438 615 3485 res
665 3420 879 3485 fidem
945 3426 1020 3485 et
1079 3422 1512 3504 religionem
1574 3423 1973 3486 attinentes
2040 3421 2546 3503 moderandam,

305 3546 559 3597 sacras
597 3527 1029 3592 traditiones
1064 3533 1135 3591 et
1170 3528 1420 3595 divina
1454 3528 1998 3610 Scripturarum
2029 3526 2332 3593 oracula‘
2383 3529 2546 3592 Pas-

306 3640 501 3703 tores
532 3640 605 3700 et
639 3633 907 3701 Christi
939 3635 1191 3702 fideles
1228 3637 1632 3721 amplexati
1682 3642 1874 3718 sunt,
1937 3637 2271 3703 Ecclesia
2329 3634 2548 3701 Galli-

309 3761 418 3825 ca,
457 3743 670 3812 sicuti
707 3748 1048 3808 caeterae
1085 3740 1623 3824 Occidentales,
1661 3742 1989 3807 codicem
2055 3743 2373 3825 aliquem
2428 3742 2548 3807 ha—

307 3850 461 3915 buit
494 3867 588 3914 ex
620 3848 962 3915 Conciliis
1021 3850 1514 3915 nationalibus
1556 3853 1774 3931 atque
1834 3847 2147 3931 Syno'dis
2190 3847 2562 3915 ·Orienta-'

308 3956 522 4039 libuS,
574 3957 890 4021 maxime
916 3955 1244 4023 Nicaena
1299 3957 1715 4022 conflatum:
1779 3960 2068 4021 constat
2116 3957 2308 4021 enim
2355 3957 2552 4021 circa

309 4064 523 4129 finem
557 4064 837 4129 saeculi
896 4064 994 4129 VI
1056 4067 1250 4148 apud
1313 4064 1592 4131 Gallias
1651 4064 2053 4130 obtinuisse
2109 4064 2552 4148 peculiarem

311 4174 842 4256 collectionem,
893 4192 1081 4258 quae
1139 4175 1430 4257 quidem
1488 4174 1745 4257 vigore
1804 4176 1878 4237 et
1934 4174 2373 4238 auctoritate
2430 4192 2550 4257 po-

325 4279 457 4344 tita
489 4284 854 4363 estusque
885 4281 978 4346 ad
1010 4281 1437 4369 Pontificem
1485 4280 1938 4347 Hadrianum
1993 4280 2055 4363 Ι,
2110 4279 2233 4364 q'ui
2291 4278 2549 4345 Carolo
