3332 5100
1151 301 1485 357 —141--

207 463 645 519 annexarum
655 493 671 527 ,
701 443 969 507 debent
993 445 1043 509 ii
1069 443 1193 527 qui
1211 443 1499 509 illarum
1527 463 1774 509 curam
1792 447 2078 527 gerunt,
2110 445 2426 527 quicum·

209 571 331 635 que
363 553 469 617 illi
503 551 671 631 sint,
703 553 1103 637 interesse„
1147 553 1267 631 (1).

369 657 935 725 Constitutiones
993 659 1067 723 in
1131 657 1419 739 Synodo
1455 657 1892 723 dioecesana
1926 661 2122 725 latae
2186 661 2432 725 statim

205 769 769 851 promulgantur3
795 785 1031 849 neque
1055 767 1243 831 enim
1271 785 1449 847 opus
1477 771 1611 847 est,
1653 775 1730 831 ut
1758 773 1926 831 ante
1962 787 2214 831 earum
2270 787 2430 849 pro-

207 877 713 959 mulgationem
747 893 789 937 a
823 873 1109 937 Summo
1136 875 1507 953 Pontifice,
1534 875 1655 939 vel
1694 893 1736 937 a
1770 873 1996 941 Sacra
2020 875 2431 957 Congrega-

205 983 385 1045 tione
423 981 733 1047 Concilii
759 981 1281 1063 approbentur,
1315 981 1419 1043 uti
1453 985 1621 1045 acta
1657 979 2170 1045 Conciliorium
2204 981 2430 1045 natio-

205 1091 463 1153 nalium
499 1089 623 1155 vel
659 1089 1243 1171 provincialium.
1277 1089 1485 1153 Ratio
1523 1089 1734 1171 hujus
1770 1089 2204 1155 discriminis
2238 1091 2312 1153 in
2348 1107 2432 1153 eo

205 1199 515 1279 fulcitur,
549 1197 741 1285 quod
795 1197 871 1261 in
929 1195 1299 1279 ConciliiS,
1331 1201 1481 1261 tum
1517 1197 2036 1277 nationalibus
2076 1201 2226 1261 tum
2276 1215 2432 1279 pro·

205 1305 631 1369 vincialibus
667 1307 1053 1369 exercetur
1087 1303 1489 1367 auctoritas
1523 1305 1962 1385 primatialis
2016 1305 2138 1369 vel
2174 1309 2434 1369 metro-

205 1413 519 1495 politica,
551 1417 861 1493 utraque
887 1429 931 1473 a
959 1411 1279 1475 Romano
1309 1411 1657 1477 Pontifice
1688 1413 2024 1477 derivata
2052 1419 2124 1477 et
2150 1413 2438 1495 delega-

205 1527 293 1601 ta3
329 1521 403 1583 in
465 1519 779 1603 synodis
847 1524 1091 1583 autem
1157 1519 1609 1583 dioecesanis
1670 1527 2054 1585 exercetur
2112 1527 2436 1603 potestas

205 1625 661 1709 episcopalia,
725 1627 1025 1707 propria
1087 1631 1305 1707 atque
1359 1627 1655 1691 divinae
1699 1627 2206 1691 institutionis:
2268 1625 2438 1689 hinc

203 1735 579 1799 Pontifices
607 1733 905 1797 maximi
961 1733 1165 1797 illam
1207 1735 1555 1797 limitibus
1605 1733 2190 1815 restringendam
2230 1749 2432 1795 cura-

203 1851 381 1923 runt,
419 1851 499 1905 ut
535 1861 825 1923 semper
857 1851 1382 1923 agnosceretur
1415 1843 1635 1907 Sedes
1674 1843 2100 1923 Apostolica
2154 1843 2438 1905 ratione

203 1949 555 2013 Primatus
619 1951 983 2031 Episcopo
1023 1951 1293 2013 Romae
1331 1951 1686 2015 vinculati
1720 1957 2090 2033 tamquam
2129 1951 2332 2031 origo
2368 1953 2440 2013 et

205 2059 353 2123 fons
383 2059 617 2123 omnis
637 2057 1181 2139 jurisdictiones
1221 2059 1732 2123 hierarchicae
1758 2077 1982 2141 supra
2012 2059 2436 2141 EpiscopOS,

207 2167 315 2247 qui
341 2167 509 2247 jure
547 2165 793 2231 divino
825 2165 1173 2247 aequales
1203 2169 1389 2229 sunt.
1619 2177 1623 2181 '

327 2273 657 2337 Concilia
683 2275 913 2337 Mioeta
953 2291 1113 2337 cum
1139 2275 1375 2358 Reyz‘is
1399 2273 1673 2355 passim
1702 2273 2044 2337 confundi
2072 2271 2332 2347 solent:
2366 2275 2442 2335 at

207 2381 415 2445 valde
449 2381 643 2445 inter
677 2399 755 2445 se
793 2381 1163 2445 differunt:
1227 2383 1441 2463 juxta
1497 2381 1972 2445 Benedictum
2006 2381 2178 2445 XIV
2212 2383 2442 2445 Mimta

205 2495 707 2570 nuncupantur
755 2489 885 2552 illa
921 2489 1233 2552 concilia
1293 2505 1481 2572 quae
1549 2489 1990 2552 adamussim
2024 2489 2098 2552 in
2148 2505 2444 2552 censum

207 2596 753 2676 particularium
791 2596 1107 2660 adscribi
1165 2602 1553 2680 nequeunt,
1591 2616 1678 2660 eo
1748 2598 1938 2678 quod
2004 2598 2242 2660 locum
2300 2614 2440 2660 me-

205 2702 383 2768 dium
419 2706 615 2768 inter
651 2704 1085 2768 dioecesana
1113 2710 1185 2768 et
1221 2706 1732 2786 provincialia,
1772 2706 1892 2768 vel
1926 2706 2114 2768 inter
2150 2706 2442 2786 provin-

205 2812 411 2876 cialia
446 2830 537 2876 ac
573 2812 973 2874 nationalia
1027 2812 1379 2876 obtinent.
1446 2812 1661 2876 Plura
1710 2812 1918 2894 hujus
1954 2814 2240 2894 generis
2278 2830 2440 2876 con-

207 2920 363 2984 cilia
421 2912 803 2984 celebrata
867 2926 1057 3002 sunt,
1121 2920 1523 3000 cujusmodi
1577 2922 1768 2984 inter
1836 2922 1980 2984 alia
2042 2924 2444 2986 memoratu

207 3024 491 3110 dignum
529 3034 639 3092 est
671 3030 1069 3092 Romanum
1106 3030 1237 3092 sub
1273 3028 1537 3092 Sancto
1577 3028 1914 3094 Cornelio
1950 3030 2298 3094 habitum.
2360 3030 2442 3094 In

205 3134 553 3218 Hispania
587 3136 1113 3200 frecuentiores
1143 3138 1347 3200 fuere
1383 3138 1736 3218 ejusmodi
1770 3138 2248 3202 ecclesiastici
2284 3156 2442 3200 coe-

207 3246 335 3322 tus,
367 3244 803 3324 praesertim
837 3242 1097 3324 Toleti;
1139 3244 1429 3322 etenim,
1469 3260 1629 3306 cum
1698 3244 1790 3306 ad
1854 3244 2106 3308 urbem
2168 3244 2444 3324 regiam

205 3348 541 3432 Episcopi
609 3350 1249 3432 proficiscerentur
1319 3352 1742 3414 celebrandi
1808 3370 1980 3432 ergo
2046 3350 2444 3416 Concilium

205 3458 597 3538 nationale,
639 3458 995 3540 simulque
1033 3462 1369 3522 coactam
1401 3458 1820 3522 invenirent
1850 3458 2216 3540 Synodum
2254 3460 2444 3522 dioe-

207 3580 541 3629 cesanam
577 3566 905 3630 nonnulli
957 3566 1051 3628 ad
1115 3566 1305 3630 hanc
1371 3566 1716 3630 assistere
1764 3566 2122 3644 solebant3
2184 3566 2446 3628 exinde

207 3672 589 3736 concilium
615 3690 793 3736 vere
827 3672 1383 3754 innominatum,
1423 3690 1659 3754 neque
1708 3672 2242 3754 dioecesanum,
2276 3672 2446 3754 quia

207 3778 509 3842 aderant
533 3780 725 3844 varii
761 3780 1129 3862 Episcopi,
1167 3798 1403 3864 neque
1439 3782 1920 3862 provinciale,
1986 3782 2156 3862 quia
2222 3780 2446 3862 aliqui

205 3884 543 3969 Episcopi
613 3888 707 3950 ad
771 3888 1185 3952 distinctam
1263 3890 1720 3970 provinciam
1792 3890 2250 3972 spectabant,
2310 3906 2446 3954 nec

208 3989 486 4057 demum
550 3993 947 4076 nationale,
1017 3996 1359 4078 quoniam
1421 3996 1668 4078 plures
1730 3996 2046 4060 nationis
2102 3996 2446 4084 Episcopi

209 4099 530 4163 deerant.

343 4283 420 4345 (1)
494 4281 642 4333 Sese.
672 4280 891 4350 XXIV,
919 4300 1039 4350 cap.
1063 4286 1111 4350 2,
1141 4282 1203 4336 dc
1229 4280 1483 4352 Reform.
