3332 5100
1287 337 1643 399 -229—

351 481 901 548 chalcedonensia
933 501 1019 548 eo
1056 481 1247 567 quod
1273 483 1346 547 in
1382 481 1707 548 Concilio
1744 481 2320 550 chalcedonensi
2370 481 2458 550 de
2493 501 2583 550 ea

351 607 698 672 expressa
730 590 810 654 fit
836 589 1130 672 menti0,
1177 589 1406 656 Codeoe
1456 611 1797 656 canonum
1846 591 2201 656 Ecclesiae
2234 593 2589 658 universa·

348 696 457 778 lis,
487 696 656 780 quia
687 697 844 762 sine
877 696 1109 761 solido
1139 697 1612 762 fundamento
1673 700 1892 780 prout
1924 697 2243 763 ostendit
2276 698 2591 764 clarissi-

350 820 506 868 mus
537 803 864 887 Berardi,
901 803 1132 887 aliqui
1175 804 1452 886 opinati
1507 809 1679 869 sunt
1714 821 1873 870 eam
1908 821 2042 886 pro
2076 803 2410 869 Ecclesia
2443 805 2592 871 uni·

348 927 570 976 versa
599 911 676 975 in
711 909 1002 994 Synodo
1041 909 1581 976 chalcedoniae
1611 911 1839 977 fuisse
1875 912 2381 996 approbatam.

524 1016 892 1082 Incertum
926 1023 1038 1082 est
1071 1035 1212 1100 quo
1241 1022 1543 1084 auctore
1598 1021 1673 1084 et
1706 1020 2425 1102 temporeprodierit
2456 1019 2595 1086 iste
2668 1039 2675 1046 ·

350 1123 622 1190 Codex.
662 1123 1224 1208 christophorus
1273 1125 1318 1191 J
1323 1126 1624 1191 ustellus
1682 1128 1920 1192 veteri
1952 1128 2447 1210 manuscripto
2484 1127 2594 1192 Bi-

347 1232 762 1298 bliothecae
779 1231 1163 1298 Palatinae
1181 1234 1405 1298 fultus
1425 1233 1798 1300 contendit
1818 1234 2393 1318 antiquissimam
2405 1235 2597 1300 hanc

349 1337 870 1405 collectionem
905 1359 950 1404 a
1011 1337 1379 1423 Stephano
1416 1341 1776 1425 Episcopo
1814 1341 2179 1424 Ephesino
2218 1359 2378 1407 esse
2429 1360 2594 1408 con-

346 1447 623 1528 flatam3
660 1447 918 1512 Petrus
950 1446 1293 1512 Pithaeus
1328 1448 1403 1512 in
1437 1446 1753 1530 Synopsi
1816 1448 2191 1514 Historica
2246 1447 2595 1514 Collecto-

346 1571 510 1618 rum
545 1557 874 1619 autumat
905 1572 1162 1620 verum
1228 1559 1602 1620 auctorem
1637 1556 2013 1621 exstitisse
2045 1556 2429 1638 quemdam
2470 1554 2597 1620 Sa-

349 1658 598 1722 binum
628 1659 1038 1725 Heracleae
1087 1662 1162 1725 in
1197 1662 1461 1727 Tracia
1487 1661 1954 1745 Episcopum,
2009 1680 2224 1745 quem
2256 1660 2597 1727 Socrates

347 1763 448 1849 (1)
475 1768 787 1830 testatur
819 1767 1261 1834 diversarum
1291 1768 1731 1854 Synodorum
1790 1777 1950 1834 acta
1998 1789 2209 1834 unum
2242 1769 2317 1834 in
2348 1789 2599 1853 corpus

349 1871 728 1956 collegisse.
766 1869 931 1956 Sed,
969 1875 1072 1938 uti
1105 1874 1288 1939 scite
1320 1875 2125 1940 animadvertitDevoti
2161 1874 2255 1956 (2)
2294 1875 2599 1956 eJusmo-
2726 1872 2730 1876 ’

347 1977 422 2040 di
461 1983 947 2043 commentum
980 1980 1272 2046 omnino
1310 1986 1421 2045 est
1453 1981 1954 2064 rejiciendum,
1988 1982 2596 2065 quandoquidem,

348 2089 542 2150 teste
591 2086 1128 2172 ipso-Socrate,
1166 2087 1476 2154 Sabinus
1511 2089 1915 2172 Episcopus
1950 2095 2231 2154 sectam
2268 2089 2599 2155 Macedo-

349 2193 648 2258 nianam
683 2196 1146 2277 amplexatus
1182 2201 1316 2274 est,
1351 2197 1653 2281 eJusque
1690 2197 2025 2262 collectio
2061 2198 2253 2261 inter
2312 2195 2601 2261 codices
2686 2263 2695 2272 ,

346 2317 607 2365 sacros
639 2302 1050 2367 catholicae
1085 2303 1463 2368 Ecclesiae
1499 2304 1735 2369 locum
1773 2304 2046 2369 habere
2078 2303 2352 2386 nequit.

541 2407 768 2476 Causa
800 2413 874 2475 et
903 2410 1217 2496 Epocha.
1258 2410 1416 2493 Qua
1470 2413 1861 2477 occasione
1922 2411 2045 2476 vel
2080 2414 2600 2494 quonamtem-

350 2533 536 2599 pore
571 2515 982 2599 huJusmodi
1038 2520 1376 2585 collectio
1415 2521 1859 2586 concinnata
1890 2517 2136 2603 fuerit,
2175 2519 2467 2602 penitus
2500 2518 2602 2601 ig-

344 2628 684 2707 -noratur3
724 2644 942 2691 unum
977 2630 1260 2692 tantum
1297 2631 1574 2692 certum
1637 2628 2246 2710 exploratumque
2281 2643 2374 2690 ex
2420 2624 2602 2691 con·

354 2731 510 2796 cilii
560 2729 1176 2802 chalcedonensis
1228 2736 1414 2801 actis
1462 2741 1801 2819 apparet,
1862 2735 2149 2817 nempe,
2190 2737 2362 2799 ante
2414 2734 2605 2798 hanc

358 2838 924 2907 oecumenicam
959 2841 1328 2925 Synodutn
1356 2844 1814 2925 peculiarem
1850 2842 2357 2907 collectionem
2391 2858 2606 2905 cano-

351 2964 528 3011 num
566 2945 925 3013 Orientali
959 2948 1338 3014 Ecclesiae
1368 2951 1618 3031 fuisse;
1658 2968 1827 3014 nam
1854 2950 2144 3014 actione
2175 2948 2276 3013 IV
2309 2948 2600 3030 legitur:

355 3054 642 3120 Sancta·
677 3054 998 3141 Synodus
1048 3058 1255 3123 discit:
1315 3057 1519 3123 Sacri
1559 3056 1864 3125 Cauones
1927 3058 2267 3142 logya-ntur,
2306 3063 2368 3120 et
2433 3075 2604 3119 com-

357 3165 726 3229 mentariis
759 3168 1184 3231 inserantur:
1233 3175 1633 3251 sumptoque
1668 3168 1845 3231 libro
1880 3163 2123 3230 Actius
2158 3162 2605 3227 Archidiaco-

357 3292 494 3335 nus
525 3278 591 3337 et
645 3274 1104 3339 Primicerius
1160 3297 1444 3361 mayuae
1502 3276 1855 3339 Ecclesiae
1910 3274 2070 3358 leyit
2138 3292 2465 3337 canonem
2520 3272 2609 3335 83

367 3377 487 3445 ‹Si
521 3380 676 3461 quis
707 3379 1098 3465 Episcopus
1133 3390 1329 3463 eta»,
1365 3384 1526 3446 item
1561 3382 1780 3445 alium
1813 3400 2139 3445 canonem
2185 3380 2274 3443 84
2308 3376 2429 3443 «Si
2456 3378 2609 3461 quis

351 3486 733 3571 Presbyter
767 3496 890 3553 aut
923 3490 1285 3556 Diaconus
1319 3498 1489 3555 etc.»
1520 3488 1863 3553 Similiter
1892 3490 2181 3551 actione
2214 3484 2319 3551 XI
2351 3486 2608 3549 Patres
2644 3494 2654 3503 '

365 3591 730 3657 dixerunt:
775 3592 1082 3661 Cauones
1114 3596 1531 3681 releyautur:
1586 3594 1915 3660 Leontius
1969 3593 2611 3659 Reverendissiinas

363 3698 758 3785 Episcopus
789 3702 1182 3786 Maynesiae
1217 3724 1250 3767 e
1281 3701 1521 3770 Codice
1555 3702 1795 3786 releqit
1822 3700 2133 3785 requiam
2158 3701 2246 3765 95
2303 3697 2423 3763 «Si
2458 3698 2611 3782 quis

365 3806 758 3893 Episcopus
820 3817 992 3874 etc.»
1060 3810 1261 3875 Idem
1323 3828 1414 3873 ex
1450 3810 1702 3873 eodem
1740 3806 2003 3873 Codice
2040 3807 2217 3890 legit
2283 3806 2612 3887 regulam

351 3912 454 3978 ,96
491 3914 612 3980 «Si
644 3918 796 3999 quis
821 3917 1211 4001 Episcopus
1251 3926 1422 3983 etc.»
1458 3917 1685 3981 Porro
1724 3921 1966 3979 autem
2031 3915 2193 3997 ipsa
2226 3914 2453 3978 series
2488 3931 2612 3979 nu-

369 4038 733 4088 merorum
799 4042 1012 4107 quam
1082 4025 1335 4089 Patres
1403 4022 2037 4088 chalcedonenses
2102 4021 2388 4105 sequuti
2446 4023 2614 4085 sunt

513 4182 588 4249 (l)
659 4180 781 4235 Ia‘b.
812 4184 860 4251 1,
885 4198 1000 4251 cap.
1032 4184 1079 4248 8,
1104 4200 1228 4251 pag.
1249 4186 1333 4251 21,
1360 4182 1485 4237 edit.
1522 4180 1728 4237 Valesii

450 4270 458 4296 ³
519 4256 599 4323 (2)
668 4250 883 4324 Proley.
912 4270 1029 4324 cap.
1062 4256 1129 4320 V,
1154 4268 1302 4308 num.
1323 4254 1477 4327 LIV,
1502 4256 1614 4309 not.
1643 4258 1691 4307 1.
