3332 5100
1209 334 1565 393 -115-

281 477 749 559 publicandas
809 481 978 543 ante
1034 478 1474 545 revisionem
1508 480 1780 563 Regiae
1807 478 2341 563 cancellariam
2379 480 2509 547 sed

282 602 434 649 eum
491 587 820 668 graviter
873 587 1343 670 reprehendit
1398 586 1642 653 Sixtus
1701 587 1826 669 IV,
1915 590 2283 672 pauloque
2343 592 2509 672 post

281 690 649 758 damnavit
682 694 1151 761 Innocentius
1186 694 1358 761 VIII
1391 694 1612 759 Brevi
1648 696 1830 762 Olim
1866 695 1982 760 die
2037 697 2081 760 3
2126 695 2508 761 Februarii

280 801 441 864 anni
476 801 663 866 1486.

398 908 513 973 Ita
550 911 769 974 etiam
799 909 1096 993 primus,
1168 911 1291 994 qui
1347 913 1678 993 apertam
1733 911 1971 994 legem
2035 910 2232 977 ferre
2288 928 2508 976 ausus

278 1020 379 1080 est
409 1034 541 1099 pro
576 1017 972 1081 sanciendo
1028 1018 1403 1100 supposito
1453 1020 1617 1100 jure
1669 1018 1950 1100 placiti,
2017 1019 2155 1083 fuit
2210 1020 2504 1084 saeculo

276 1121 436 1185 XVI
496 1122 643 1187 dux
728 1120 1286 1204 complutensis,
1376 1123 1722 1187 Vice-rex
1810 1110 2363 1207 Neapolitanum
2430 1127 2507 1189 at

276 1226 578 1292 Sanctus
615 1228 951 1292 Pontifex
985 1227 1153 1293 Pius
1189 1227 1251 1293 V
1285 1246 1446 1294 eum
1480 1232 2170 1315 excommunicavit,
2223 1237 2297 1297 et
2343 1249 2507 1298 cum

275 1354 427 1401 sese
462 1337 897 1418 subjecisset
932 1354 1314 1419 censurae,
1347 1337 1693 1404 Puteolos
1756 1340 2076 1422 petendo
2125 1344 2200 1406 et
2265 1341 2507 1407 obser-

277 1444 515 1508 vando
550 1444 1135 1527 segregationem
1183 1463 1228 1508 a
1283 1445 1790 1511 communione
1848 1448 2194 1531 fidelium,
2249 1452 2508 1531 postea

272 1550 470 1615 illum
509 1551 852 1616 absolvit.

397 1660 759 1725 Extensio.
850 1660 1208 1725 Placitum
1265 1660 1547 1743 regium
1629 1660 1897 1726 sensim
1961 1678 2049 1724 ac
2145 1660 2508 1744 gradatim

271 1768 717 1848 applicatum
743 1772 877 1850 est,
931 1769 1147 1850 Juxta
1175 1769 1529 1849 maj0rem
1564 1768 1688 1832 vel
1715 1769 2066 1833 minorem
2122 1769 2504 1851 regalista-

270 1888 420 1937 rum
454 1874 912 1941 inva-sionem
948 1876 1145 1939 inres
1200 1875 1742 1939 ecclesiasticas
1791 1878 1862 1939 et
1893 1876 2310 1959 Principum
2342 1875 2504 1939 hos-

270 1980 605 2046 tilitatem
632 1982 987 2048 adversus
1010 1982 1389 2047 Ecclesiae
1423 1982 1593 2064 jura
1650 1986 1725 2047 et
1775 1982 1980 2048 Sedis
2035 1983 2504 2067 Apostolicae

272 2088 709 2155 libertatem.

395 2197 716 2261 Primum
743 2197 936 2261 enim
970 2197 1063 2261 ad
1096 2198 1457 2280 rescripta
1522 2198 1811 2279 gratiae
1877 2201 1950 2263 et
1989 2198 2318 2281 justitiae
2363 2198 2505 2281 pri-

269 2305 457 2368 vatis
520 2304 693 2369 data
757 2304 1087 2370 adhiberi
1146 2305 1447 2387 Regium
1514 2305 1938 2388 Exequatur
1972 2311 2310 2389 coeptum
2365 2310 2500 2387 est,

269 2416 527 2492 postea
560 2417 938 2476 extensum
979 2412 1070 2476 ad
1100 2413 1395 2477 decreta
1428 2412 1908 2496 Disciplinae,
1969 2415 2254 2479 demum
2277 2431 2508 2496 usque

270 2518 357 2582 ad
390 2519 645 2584 Bullas
680 2518 1133 2602 dogmaticas
1168 2520 1618 2604 applicatum
1650 2524 1786 2586 est.

407 2627 644 2692 Valor.
737 2627 1139 2692 Hodiedum
1172 2623 1526 2692 Placitum
1554 2629 1627 2692 in
1677 2629 2033 2711 Hispania
2082 2647 2226 2692 non
2274 2628 2501 2710 viget3

270 2753 355 2799 ex
389 2754 536 2818 quo
575 2735 765 2800 enim
802 2737 1057 2801 initum
1096 2737 1601 2821 firmatumque
1636 2743 1748 2801 est
1781 2754 1970 2802 anno
2007 2737 2176 2801 1851
2227 2742 2503 2819 postre-

267 2861 453 2908 mum
495 2841 1023 2909 Concordatum
1065 2846 1254 2909 inter
1279 2845 1620 2909 Sanctam
1654 2843 1912 2908 Sedem
1947 2849 2020 2908 et
2054 2842 2506 2908 Catholicam
2561 2903 2566 2910 .

269 2948 753 3032 Majestatem,
784 2969 1031 3016 omnes
1068 2952 1427 3016 communi
1454 2951 1738 3015 calculo
1775 2950 2285 3015 existimarunt
2317 2950 2503 3031 ejus-

270 3059 457 3122 modi
498 3058 828 3140 abusum,
866 3057 1325 3123 Summorum
1362 3058 1792 3122 Pontificum
1819 3058 2154 3140 dignitati
2181 3060 2253 3121 et
2279 3056 2508 3120 eccle-

272 3164 617 3228 siasticae
643 3165 967 3229 libertati
1034 3165 1217 3230 adeo
1281 3166 1710 3247 injuriosum
1772 3183 1906 3248 per
1964 3165 2348 3230 articulum
2403 3162 2505 3228 IV

272 3271 559 3351 penitus
594 3272 957 3336 sublatum
990 3273 1238 3336 fuisse.

394 3377 561 3442 Hac
593 3380 1072 3460 persuasione
1106 3379 1451 3462 Episcopi
1511 3379 1822 3462 Hispani
1882 3382 2048 3461 post
2109 3377 2507 3442 solemnem

274 3480 711 3549 Concordati
781 3486 1440 3568 promulgationem
1497 3487 1933 3551 documenta
1995 3485 2368 3567 pontificia
2430 3484 2505 3548 in

272 3593 412 3656 suis
471 3593 924 3657 dioecesibus
978 3593 1309 3657 fidelibus
1366 3594 1596 3658 libere
1652 3592 2188 3658 communicare
2251 3606 2504 3672 coepe-

271 3703 435 3763 runt
471 3701 743 3783 absque
778 3701 998 3764 venia
1026 3704 1100 3765 et
1162 3700 1429 3764 odiosis
1476 3701 2056 3765 restrictionibus
2120 3699 2504 3782 potestatis

275 3805 708 3888 civilis;,sed
743 3825 903 3872 cum
942 3805 1386 3872 Gubernium
1451 3827 1495 3871 a
1555 3809 1918 3872 sententia
1981 3807 2505 3889 Episcoporum

276 3911 715 3995 dissentiret,
747 3918 819 3978 et
853 3914 1089 3978 adhuc
1116 3914 1235 3996 jus
1277 3915 1531 3997 placiti
1579 3932 1929 3979 exercere
1963 3915 2214 3996 vellet,
2253 3905 2504 3996 gravis

276 4021 856 4087 contentiointer
879 4039 1258 4104 supremos
1314 4023 1545 4104 Regni
1608 4023 2076 4104 magistratus
2127 4026 2200 4086 et
2255 4021 2501 4087 Eccle-

275 4125 421 4190 siae
480 4127 923 4210 Hispanicae
977 4129 1319 4195 Pastores
1375 4137 1538 4195 orta
1570 4136 1682 4194 est
1713 4131 1844 4193 sub
1879 4129 2184 4194 Romero
2223 4127 2504 4194 Gonza-

274 4231 409 4314 lez,
448 4233 775 4300 Coronae
826 4234 1285 4320 ConsiliariO,
1324 4255 1513 4324 qnae
1547 4237 2010 4304 occasionem
2038 4236 2238 4303 dedit
2262 4253 2502 4302 novae
