3332 5100
1649 349 1969 407 ,96-

691 498 770 559 et
802 493 876 557 in
911 491 1534 559 Universitatibus
1567 492 1662 557 ad
1708 493 2125 558 recentiora
2178 511 2407 576 usque
2456 497 2791 578 tempora
2839 494 2937 578 (1)

693 605 1022 683 servata,
1068 600 1446 683 postulare
1503 600 1795 664 videtur
1848 601 2289 665 mentionem
2336 601 2597 666 saltem
2656 601 2941 665 histori-

692 726 878 790 cam,
915 724 1010 771 ne
1041 708 1118 771 in
1153 707 1594 772 oblivionem
1627 725 1927 790 prorsus
1962 708 2253 771 decidat
2287 707 2697 791 disciplina,
2750 726 2941 791 quae

692 815 1006 879 omnium
1039 814 1304 896 plausu
1334 818 1408 877 et
1433 814 1757 877 unanimi
1783 815 2255 879 consentione
2278 815 2637 897 instituta,
2667 815 2939 879 tradita

693 932 768 989 et
796 924 1172 1008 perpolita
1201 924 1362 987 fuit.
1399 924 1508 985 3.⁰
1539 923 1626 987 In
1659 924 2095 1005 exponendo
2134 923 2179 987 J
2184 941 2311 987 ure
2362 922 2729 989 Canonico
2783 924 2939 1006 plu-

691 1048 812 1097 res
843 1034 1242 1114 exsurgent
1279 1032 1745 1113 quaestiones
1786 1031 1887 1095 ita
1926 1048 2089 1095 cum
2122 1030 2645 1095 Ecclesiastica
2706 1030 2939 1095 Disci-

693 1139 896 1222 plina
921 1154 1318 1219 connexae,
1346 1141 1448 1219 ut,
1477 1137 1727 1201 insciis
1760 1136 2127 1219 primariis
2172 1136 2387 1218 hujus
2418 1136 2771 1202 scientiae
2797 1137 2939 1202 616-

695 1246 980 1328 mentia,
1019 1246 1148 1309 vix
1185 1249 1312 1307 aut
1345 1262 1438 1308 ne
1468 1244 1600 1308 vix
1631 1243 1923 1326 quidem
1954 1244 2145 1307 solvi
2177 1245 2475 1326 possint.

877 1351 990 1415 26.
1086 1351 1422 1415 Diximus
1453 1369 1498 1415 a
1531 1351 1825 1415 saeculo
1860 1350 2033 1415 XVI
2064 1350 2305 1415 studia
2376 1350 2943 1415 Ecclesiasticae

695 1458 1162 1542 Disciplinae
1195 1460 1530 1543 profecta
1566 1477 1751 1541 esse,
1788 1477 1983 1541 nam,
2040 1459 2215 1523 licet
2259 1462 2727 1523 monumenta
2760 1457 2941 1521 anti·

699 1567 996 1649 quitatis
1032 1568 1416 1650 aliquoties
1441 1567 1632 1630 hanc
1664 1583 1921 1630 vocem
1966 1583 2208 1648 sensu,
2250 1583 2389 1648 quo
2434 1582 2627 1630 nunc
2678 1563 2943 1646 accipi-

697 1680 840 1756 tur,
875 1681 1344 1759 usurparunt,
1383 1674 1614 1738 veluti
1647 1673 2142 1737 Tertullianus
2176 1672 2399 1756 (saec.
2428 1670 2565 1755 III)
2618 1674 2695 1734 in
2724 1670 2945 1735 Libro

700 1781 791 1845 de
815 1783 1198 1866 virginibus
1222 1782 1556 1863 velandis,
1594 1780 1707 1861 cuj
1721 1798 1799 1844 us
1824 1781 2055 1844 verba
2080 1783 2337 1861 postea
2360 1778 2841 1861 proferemuS,
2871 1779 2949 1838 et

701 1885 1106 1951 Concilium
1161 1888 1666 1952 Bracharense
1728 1886 1763 1950 Ι
1831 1886 2057 1971 (saec.
2131 1886 2305 1967 VI),
2371 1886 2447 1949 in
2507 1902 2647 1967 quo
2670 1933 2688 1966 ,
2754 1884 2945 1965 post-

703 2011 922 2075 quam
957 2011 1246 2058 errores
1281 1996 1975 2060 Priscilianistarum
2011 1994 2093 2058 17
2132 1994 2531 2059 canonibus
2598 1991 2948 2075 dogmati·

704 2100 808 2165 cis
842 2101 1310 2165 damnassent
1342 2103 1620 2185 Patres,
1656 2103 1743 2167 22
1775 2120 2093 2168 canones
2129 2103 2225 2167 ad
2250 2102 2711 2185 disciplinam
2744 2116 2949 2183 spec-

703 2211 946 2271 tantes
1007 2209 1399 2274 condidere
1432 2212 1536 2274 ita
1596 2212 2141 2275 concludentes:
2178 2212 2511 2277 Instituta
2554 2218 2949 2275 sanctorum

690 2322 1094 2400 pat-rum....
1137 2320 1262 2381 etsi
1287 2340 1425 2384 non
1459 2322 1713 2401 omnia,
1748 2328 1925 2385 certe
1957 2321 2065 2385 vel
2085 2340 2325 2404 pauca
2372 2320 2729 2404 quaedam,
2778 2336 2951 2401 quae

707 2426 802 2490 ad
868 2439 1528 2493 ms'rRUcchNEM
1561 2442 1997 2494 OLERIGALIS
2051 2442 2523 2494 D1sc1PLmAn
2573 2428 2948 2512 pertinent,

703 2532 1134 2620 releqantar,·
1175 2536 1508 2619 quamvis
1541 2537 1838 2621 insuper
1870 2541 2037 2620 post
2099 2536 2523 2620 evulgatam
2556 2532 2939 2616 Gregoria-

705 2659 876 2706 nam
905 2643 1414 2708 collectionem
1447 2645 1983 2710 Decretalistae
2018 2645 2449 2727 disciplinae
2500 2643 2951 2709 variationes

709 2751 908 2815 circa
971 2753 1412 2816 matrimonii
1472 2753 2015 2836 impedimenta,
2044 2752 2547 2816 ecclesiastica
2597 2748 2953 2814 beneficia

710 2859 1001 2941 aliaque
1041 2861 1288 2941 capita
1322 2866 1789 2942 annotarunt;
1828 2855 2071 2924 tamen
2096 2859 2529 2942 Disciplina,
2566 2862 2645 2922 ut
2688 2873 2953 2940 corpus

713 2965 1034 3046 speciale
1055 2965 1428 3031 doctrinae
1457 2967 1771 3050 quadam
1786 2967 2119 3032 methodo
2146 2967 2555 3049 expositae,
2578 2969 2952 3046 tamquam

718 3070 1142 3153 complexus
1181 3073 1703 3155 principiorum
1733 3079 1805 3137 et
1854 3073 2423 3156 conclusionum,
2482 3072 2739 3156 paucis
2790 3087 2953 3135 ver·

711 3267 923 3334 ciplina
949 3267 1252 3322 Generalis
1271 3269 1332 3321 in
1357 3269 1630 3323 facultate
1655 3267 1863 3323 Sacrae
1887 3269 2229 3335 Theologiae
2271 3269 2444 3323 simul
2468 3284 2599 3321 cum
2652 3267 2957 3322 Ecclesias-

711 3341 824 3392 tica
849 3340 1120 3404 Historia,
1150 3357 1345 3394 verum
1366 3344 1540 3394 etiam
1559 3357 1660 3408 pro
1680 3344 1849 3396 tertio
1875 3340 1917 3395 J
1923 3343 2038 3394 uris
2086 3343 2357 3394 Canonici
2384 3355 2535 3394 anno
2585 3345 2645 3393 et
2670 3347 2959 3408 postremo

711 3411 1084 3478 'theologicae
1109 3414 1399 3479 curriculo,
1427 3429 1500 3465 ex
1535 3413 1777 3466 Dect-eto
1825 3415 2043 3466 collatis
2086 3413 2341 3466 consiliis
2380 3412 2475 3465 die
2510 3413 2578 3464 28
2608 3411 2957 3480 Septembris

711 3485 848 3535 anni
877 3486 1010 3536 1852
1038 3484 1173 3537 dato
1197 3484 1271 3537 ad
1301 3483 1747 3538 Seminariorum
1772 3484 1965 3538 studia
1989 3483 2355 3537 uniformiter
2372 3484 2772 3550 comparanda,
2801 3496 2958 3552 prae-

714 3553 1030 3622 cipiebatur
1053 3556 1340 3622 explicitis
1368 3555 1968 3623 verbis—Disciplina
1991 3556 2089 3608 del
2136 3553 2385 3609 Concilio
2428 3555 2501 3607 de
2541 3555 2751 3609 Trento
2770 3571 2809 3623 y
2833 3568 2951 3623 par-

712 3627 914 3679 ticular
938 3627 1010 3680 de
1035 3626 1284 3696 Espafia,
1309 3627 1600 3680 conforme
1623 3627 1658 3680 a
1682 3629 1769 3681 los
1795 3627 2079 3682 Concilios
2103 3643 2142 3694 y
2169 3625 2573 3680 Concor-datos.

857 3699 934 3765 (1)
1004 3698 1074 3752 In
1104 3697 1586 3752 Universitatibus
1608 3714 1761 3764 vex-0,
1786 3704 1918 3766 post
1942 3701 2131 3751 varias
2156 3697 2595 3764 vicissitudines,
2634 3696 2954 3766 Disciplina

715 3768 1113 3822 Ecclesiastica
1137 3770 1346 3822 tradita
1369 3771 1481 3823 fuit
1505 3785 1689 3837 usque
1713 3771 1783 3824 ad
1811 3786 2026 3823 annum
2060 3772 2212 3837 1883,
2251 3769 2313 3822 16
2362 3785 2477 3836 quo
2525 3769 2818 3822 decretum
2868 3771 2958 3821 est

713 3841 976 3893 alumnos
1012 3841 1046 3893 J
1050 3841 1168 3894 uris
1194 3839 1393 3894 Civilis
1419 3856 1523 3910 pro
1550 3845 1718 3894 unico
1742 3847 1967 3895 tantum
1991 3843 2268 3894 curriculo
2291 3839 2761 3894 Institutionibus
2800 3841 2835 3894 J
2840 3839 2955 3892 uris

716 3909 990 3964 Canonici
1039 3912 1381 3966 incumbere.
1415 3913 1624 3966 Melius
1649 3913 1875 3980 fuisset,
1901 3913 2154 3966 studium
2208 3911 2366 3966 «Iuris
2390 3911 2666 3965 Canonici
2718 3912 2957 3966 omnino

714 3983 928 4050 tollere,
958 3983 1145 4050 prouti
1179 3984 1394 4038 factum
1421 3988 1509 4037 est
1537 3985 1726 4051 quoad
1750 3985 2136 4050 Theologiam,
2162 3999 2308 4050 quae
2338 3985 2575 4038 Decreto
2603 3983 2696 4036 die
2724 3987 2787 4034 21
2817 3979 2960 4035 Maii

716 4053 853 4106 anni
905 4056 1038 4106 1862
1079 4055 1232 4108 edito
1274 4055 1348 4108 ab
1373 4055 1859 4109 Universitatibus
1885 4057 2115 4108 exulata
2140 4060 2246 4118 est,
2270 4070 2441 4122 quam
2472 4052 2577 4107 Jus
2606 4052 2960 4108 Canonicum

717 4124 790 4178 ad
837 4140 1050 4178 annum
1095 4125 1366 4194 redigere,
1413 4126 1565 4193 quod
1599 4126 1830 4190 quidem
1877 4126 2237 4196 aptissimum
2272 4126 2439 4180 nobis
2483 4126 2709 4181 videtur
2737 4125 2811 4178 ad
2836 4140 2963 4178 con·

716 4195 1000 4250 fusionem
1030 4197 1390 4267 gignendam,
1415 4200 1739 4265 omniaque,
1764 4199 1887 4253 sive
1936 4198 2205 4267 humana,
2222 4200 2346 4252 sive
2374 4197 2587 4263 divina,
2626 4195 2962 4250 indiscrimi-

716 4271 894 4324 natim
923 4269 1237 4324 miscenda.
