3332 5100
1197 360 1624 422 ·-215-

328 505 413 571 ad
447 505 587 572 XII
621 507 902 589 epocha
936 508 1426 591 corruptionis),
1486 506 1853 571 saeculum
1906 507 2214 592 ferreum
2274 506 2392 570 vel
2452 524 2558 570 se-

326 617 573 677 nectus
605 612 1006 694 Ecclesiae3
1044 613 1145 677 4.‘²
1188 631 1231 676 a
1263 613 1406 677 XII
1444 613 1536 676 ad
1601 612 1798 694 XVI,
1869 612 2150 694 epocha
2212 620 2564 678 restaura-

327 721 554 802 tionis,
593 721 964 786 saeculum
1021 721 1463 805 splendidum
1532 725 1656 784 aut
1712 720 2089 784 Ecclesiae
2152 722 2562 800 reno-vatim

325 825 420 893 5?
455 846 499 891 a
527 827 700 893 XVI
730 827 824 891 ad
853 827 1098 892 XVIII
1134 827 1415 909 epocha
1430 822 1984 913 reformationis,
2022 828 2392 891 saeculum
2428 830 2566 892 luc-

328 942 614 1016 tuosum,
655 936 859 1001 viror
895 942 1113 1019 atque
1148 936 1368 1001 robur
1411 935 1813 1017 Ecclesiae;
1868 934 1976 1000 6.⁸
2007 953 2052 999 a
2095 935 2236 1000 fine
2294 936 2570 1000 saeculi

326 1042 571 1107 XVIII
604 1043 697 1107 ad
732 1050 982 1107 nostra
1019 1060 1244 1126 usque
1280 1050 1610 1125 tempora
1668 1042 1949 1125 epocha
1994 1044 2568 1127 perturbationis,

327 1151 696 1214 saeculum
731 1151 1073 1234 iniquum,
1112 1150 1188 1213 in
1247 1168 1385 1233 quo
1423 1149 1759 1233 equidem
1822 1150 1985 1214 luce
2039 1150 2444 1213 clarissima
2500 1154 2574 1212 et

327 1257 644 1322 mirabili
675 1257 1101 1322 fortitudine
1139 1258 1407 1322 emicat
1464 1263 1686 1340 atque
1740 1258 1973 1340 fulget
2032 1260 2570 1344 magnanimitas

328 1363 710 1429 Ecclesiae
746 1364 822 1429 in
856 1366 965 1429 tot
997 1364 1362 1429 aerumnis
1397 1364 1766 1447 tantisque
1799 1364 2338 1429 vexationibus,

509 1470 662 1535 187.
762 1468 1250 1537 Collectiones
1288 1468 1727 1553 canonicae,
1765 1471 1841 1535 in
1881 1470 2137 1553 quibus
2192 1472 2574 1536 enuclean-

329 1577 435 1642 dis
469 1577 893 1659 specialiter
928 1582 1270 1644 versatur
1316 1577 1641 1642 Historia
1696 1575 1917 1659 Juris,
1978 1578 2147 1660 apte
2210 1578 2350 1640 dici
2414 1596 2574 1660 pos-

328 1690 520 1749 sunt:
572 1686 824 1751 Fontes
865 1687 1219 1771 9enerales
1279 1686 1482 1750 Jaris
1534 1685 2009 1750 Ecclesiastici
2072 1706 2159 1749 em
2190 1686 2434 1768 quibus
2470 1706 2576 1750 ca-

327 1795 608 1858 nonista
637 1813 766 1858 sua
801 1794 1143 1877 depromit
1171 1801 1575 1878 argumenta
1598 1814 1739 1877 pro
1761 1793 2021 1877 politia
2043 1799 2328 1858 externa
2356 1800 2418 1856 et
2444 1794 2578 1856 dis-

330 1898 598 1982 ciplina
630 1899 1094 1965 ecclesiastica
1131 1900 1582 1981 vindicanda,
1642 1919 1781 1985 pro
1838 1899 2096 1985 leyibus
2150 1902 2370 1964 variis
2420 1906 2578 1962 tem-

321 2005 625 2088 poribus
676 2006 1053 2090 viqentibus
1110 2007 1642 2072 corroborandis
1699 2013 1901 2089 atque
1936 2026 2077 2091 pro
2127 2016 2316 2070 recta
2354 2008 2578 2092 juris-

329 2113 722 2197 prudentia
786 2113 1249 2197 efformanda.
1307 2114 1417 2177 Ex
1483 2113 1622 2177 hac
1690 2113 2106 2178 definitione
2176 2114 2582 2176 luculenter

334 2223 548 2301 patet
611 2219 1212 2303 disquisitionem,
1285 2238 1500 2302 quam
1564 2238 1757 2284 nunc
1842 2220 2330 2302 aggredimur,
2424 2238 2582 2284 esse

335 2328 588 2409 magni
624 2329 996 2410 momenti,
1034 2328 1618 2411 quandoquidem
1653 2334 2003 2392 accurata
2061 2326 2584 2393 Collectionum

334 2433 809 2517 investigatio
846 2436 1054 2500 nobis
1087 2453 1265 2518 prae
1300 2452 1379 2500 se
1443 2436 1587 2500 fert
1650 2435 2015 2518 triplicem
2077 2452 2400 2518 scopum,
2468 2436 2584 2498 cui

337 2547 709 2627 tamquam
776 2543 1225 2608 nobilissimo
1263 2545 1546 2608 muneri
1606 2542 2027 2608 incumbere
2089 2542 2306 2608 debet
2372 2561 2584 2607 cano-

340 2652 534 2715 nista
571 2651 997 2736 catholicuS,
1037 2652 1406 2734 videlicet,
1469 2651 2129 2735 propugnationem
2176 2653 2446 2715 ordinis
2482 2657 2584 2715 at-

343 2775 481 2840 que
514 2758 889 2840 regiminis
942 2760 1033 2824 ab
1083 2758 1416 2823 Ecclesia
1473 2759 1692 2840 longo
1761 2757 2220 2822 saeculorum
2278 2759 2588 2823 decursu

230 2944 235 2954 ,
343 2864 647 2946 servati,
687 2864 1307 2931 confirmationem
1360 2865 1676 2930 omnium
1735 2863 2194 2929 decretorum
2256 2883 2342 2927 ac
2402 2865 2586 2929 ordi-

343 2972 743 3054 nationum,
783 2990 962 3055 quas
997 2973 1394 3037 auctoritas
1429 2989 1644 3036 sacra
1680 2971 2117 3036 Pontificum
2168 2973 2382 3053 juxta
2416 2977 2590 3037 tem-

344 3096 606 3161 porum
632 3078 937 3160 adjunta
972 3079 1317 3162 condidit,
1366 3078 1652 3143 demum
1709 3083 1985 3143 rectam
2052 3078 2588 3161 interpretatio—

344 3204 511 3252 nem
549 3190 622 3249 et
657 3187 1054 3269 genuinum
1103 3205 1393 3252 sensum
1451 3188 1695 3270 legum
1730 3187 1807 3251 in
1854 3187 2238 3270 multiplici
2304 3207 2478 3253 casu
2522 3191 2594 3253 et

349 3294 766 3359 conditione
799 3312 1066 3377 rerum,
1105 3296 1427 3360 locorum
1462 3295 1583 3360 vel
1620 3313 2119 3376 personarum.

533 3402 682 3466 188.
783 3400 1266 3468 Collectiones
1302 3403 1704 3467 canonicae
1736 3403 1835 3467 ad
1884 3405 2254 3469 saeculum
2304 3407 2404 3469 IV
2440 3409 2594 3469 tan-

257 3564 263 3570 .
352 3513 502 3576 tum
560 3516 977 3591 assurgunt;
1029 3510 1280 3593 nequit
1343 3509 1707 3592 assignari
1761 3511 1995 3592 major
2042 3513 2438 3593 antiquitas
2480 3531 2593 3575 co-

356 3619 635 3684 dicibus
694 3618 1241 3696 ecclesiasticis3
1310 3618 1540 3682 tribus
1607 3618 1797 3682 enim
1862 3618 2224 3700 prioribus
2284 3619 2594 3683 saeculis

357 3726 548 3810 apud
582 3743 832 3790 omnes
865 3731 1112 3790 notum
1139 3730 1249 3789 est
1283 3725 1689 3790 Ecclesiam
1722 3725 1798 3790 in
1859 3743 1989 3790 suo
2047 3727 2396 3809 regimine
2454 3731 2596 3789 tra-

358 3833 728 3916 ditionem,
767 3832 1362 3898 consuetudinem
1397 3839 1469 3897 et
1494 3831 1796 3897 Sacram
1856 3831 2306 3915 Scripturam
2340 3853 2596 3915 sequu-

357 3943 505 4005 tam
554 3958 741 4022 esse,
771 3940 981 4023 eique
1044 3939 1324 4022 legibus
1388 3939 1683 4025 scriptis
1755 3938 2045 4004 minime
2106 3958 2284 4023 opus
2348 3941 2596 4021 fuisse,

361 4049 509 4111 tum
542 4051 844 4131 propter
876 4051 1244 4112 recentem
1280 4065 1456 4111 suae
1489 4046 1961 4111 institutionis
1995 4047 2346 4130 originem
2384 4053 2600 4131 atque

363 4159 955 4241 propinquiorem
1010 4157 1441 4221 Jesuchristi
1508 4156 2166 4240 Apostolorumque
2226 4157 2600 4239 praedica-

365 4267 663 4350 tionem,
701 4271 849 4332 tum
887 4284 1172 4350 quoque
1230 4268 1320 4332 ob
1381 4270 1648 4331 statum
1705 4264 2286 4348 persequutionis
2354 4269 2426 4327 et
2480 4281 2600 4345 po·
