3332 5100
1411 400 1683 459 -9-

425 550 534 609 tae
571 550 760 627 sunt&
792 564 926 608 non
951 543 1288 627 scriptum
1312 542 1534 625 vulgo
1563 544 1978 626 appella-tur
2002 545 2399 629 complexus
2426 546 2666 631 leynam,

427 672 598 735 quae
631 672 752 715 nec
787 652 862 715 in
895 672 1017 715 sao
1049 651 1310 735 oriqine
1343 652 1644 735 scriptae
1674 651 1978 736 fuerunt,
2038 672 2157 715 nec
2218 660 2465 736 postea
2502 654 2669 737 pro-

425 759 788 843 mulyatae,
827 758 932 823 uti
964 758 1259 822 traditio
1289 762 1362 821 et
1391 758 1861 839 consuetud03
1898 758 2070 822 licet
2103 776 2248 823 non
2274 777 2520 825 omnes
2561 762 2671 843 ju-

426 865 748 947 risperiti
781 865 922 929 hac
980 864 1068 929 de
1102 883 1182 930 re
1218 865 1702 947 consentiant,
1738 883 2031 929 sensum
2066 870 2139 929 et
2172 868 2671 933 extensionem

421 970 608 1050 juris
638 989 785 1035 non
835 971 1086 1053 scripti
1125 972 1418 1036 diversa
1451 971 1881 1053 acceptione
1939 975 2327 1056 sumentes,
2391 973 2479 1038 de
2528 991 2672 1057 qua

429 1077 932 1141 controversia
968 1076 1299 1159 sequenti
1335 1076 1643 1141 articulo
1679 1078 1957 1157 agetur.

607 1180 1235 1245 Praemonendum
1271 1185 1512 1245 autem
1552 1188 1661 1245 est
1696 1182 1985 1245 nomine
2009 1182 2211 1247 Juris
2241 1181 2482 1251 Civilis
2508 1184 2669 1250 sim-

427 1290 717 1373 pliciter
744 1288 1029 1371 prolato
1056 1288 1312 1353 venire
1337 1288 1470 1353 Jus
1496 1290 1883 1354 Romanum
1916 1288 2073 1354 sive
2093 1288 2521 1374 Caesareum,
2549 1293 2672 1357 vel

427 1395 662 1479 Leges
694 1396 885 1477 illes,
925 1412 1112 1477 quae
1147 1395 1384 1459 studio
1421 1400 1496 1459 et
1529 1413 1755 1477 opera
1786 1394 1829 1459 J
1834 1396 2177 1461 ustiniani
2212 1398 2673 1481 imperatoris

429 1504 628 1567 circa
653 1522 919 1567 annum
948 1500 1214 1567 Christi
1239 1502 1374 1566 530
1405 1502 1479 1565 in
1507 1502 1832 1567 ordinem
1861 1502 2212 1587 digestae,
2251 1508 2323 1569 et
2348 1506 2421 1569 in
2453 1524 2675 1571 unum

432 1609 706 1693 Corpus
743 1614 908 1674 sunt
943 1610 1323 1697 collectae.
1363 1609 1520 1673 Hoc
1557 1609 1602 1673 J
1609 1628 1715 1691 us,
1754 1611 1911 1675 sive
1949 1609 2226 1692 Corpus
2252 1611 2292 1675 J
2302 1612 2447 1676 uris
2484 1610 2670 1677 Civi-

429 1718 541 1800 lis,
584 1723 826 1801 ,prout
890 1716 1098 1781 modo
1169 1721 1396 1799 extat,
1467 1722 1776 1798 quatuor
1833 1722 2079 1799 partes
2138 1720 2669 1802 complectitur,

429 1844 689 1909 nempe
721 1827 1195 1891 Institutiones
1234 1826 1348 1910 (1),
1386 1827 1677 1909 Diqesta
1726 1842 1853 1888 seu
1884 1826 2277 1891 Pandectas
2313 1829 2431 1918 (2),
2477 1825 2671 1893 Codi-

431 1956 570 2001 cem
605 1918 722 2019 (3),
759 1940 831 1999 et
861 1932 1308 2000 Anthenticas
1333 1954 1458 1999 seu
1494 1936 1821 1999 Novellas
1850 1935 1969 2019 (4).

605 2041 649 2106 J
656 2060 735 2106 us
770 2042 1078 2125 denique
1130 2044 1664 2107 internationale
1719 2041 2129 2106 nominatur
2161 2043 2540 2127 complexio
2572 2064 2673 2109 re-

572 2264 650 2333 (1)
723 2262 1106 2318 Institutiones
1127 2267 1265 2317 sunt
1291 2266 1454 2331 quasi
1481 2265 1884 2331 compendium
1904 2265 1939 2318 J
1942 2265 2076 2332 uris,
2096 2269 2155 2317 et
2173 2267 2355 2333 prima
2376 2266 2675 2333 elementa,

429 2335 630 2389 robore
655 2339 848 2389 tamen
875 2339 1347 2389 constitutionum
1398 2337 1787 2402 imperialium
1813 2336 2143 2404 plenissime
2170 2340 2499 2391 instructae.
2526 2338 2676 2392 Divi-

430 2408 642 2460 duntur
666 2412 724 2459 in
749 2415 780 2459 4
811 2408 1003 2475 libros,
1027 2408 1088 2459 hi
1115 2410 1175 2459 in
1199 2409 1415 2475 titulos,
1440 2410 1592 2460 tituli
1619 2411 1678 2459 in
1706 2408 2110 2475 paragraphos.

574 2482 650 2545 (2)
719 2478 968 2547 Digesta,
996 2494 1194 2547 graece
1225 2478 1528 2532 Pandectae
1565 2496 1598 2531 a
1636 2484 1764 2531 Παν
1804 2496 1974 2532 omne
2012 2487 2071 2533 et
2106 2482 2353 2550 Δεχομαι
2391 2479 2673 2549 contineO,

431 2553 695 2605 dicuntur
721 2568 788 2605 eo
822 2553 974 2619 quod
999 2569 1226 2606 omnem
1246 2553 1389 2618 juris
1415 2554 1733 2610 doctrinam
1759 2568 1791 2605 e
1818 2553 1907 2605 bis
1930 2553 2083 2604 mille
2109 2553 2271 2622 libr-is
2300 2556 2553 2605 veterum
2582 2553 2613 2604 J
2622 2567 2675 2603 u

429 2627 853 2690 risprudentum
882 2629 1194 2685 extractam
1223 2625 1563 2676 contineant.
1595 2623 1875 2676 Constant
1898 2623 2059 2676 libris
2104 2627 2190 2690 50,
2228 2639 2483 2707 quorum
2508 2623 2675 2688 primi

347 2685 364 2702 ’
432 2699 500 2747 24
525 2699 662 2748 sunt
684 2693 974 2762 Diyestum
997 2697 1161 2758 veta&
1194 2699 1255 2746 14
1295 2701 1616 2761 sequentes,
1643 2693 1813 2763 Infor
1816 2694 2029 2761 tiata-m,
2052 2695 2198 2747 forte
2224 2697 2358 2760 quia
2381 2695 2443 2746 in
2468 2696 2539 2746 iis
2565 2696 2676 2759 agi-

432 2770 524 2819 tur
549 2767 619 2819 de
664 2769 881 2819 ultimis
909 2767 1316 2830 voluntatibus,
1343 2782 1488 2832 quae
1527 2769 1708 2832 Leges
1734 2772 1870 2818 sunt
1894 2737 2259 2834 fortissimae,
2285 2765 2377 2818 vel
2398 2765 2532 2832 quia
2557 2781 2675 2818 ver-

431 2843 589 2891 satur
613 2853 806 2891 eorum
831 2831 1080 2890 materia
1117 2840 1264 2890 circa
1294 2835 1571 2920 fortuitas
1595 2840 2003 2901 successiones;
2032 2838 2234 2904 reliqui
2281 2841 2344 2889 12
2386 2835 2677 2904 fflyestum

429 2925 642 2963 novum.
669 2911 1015 2964 Dividuntur
1051 2909 1112 2962 hi
1138 2909 1305 2961 libri
1291 2925 1351 2961 1n
1393 2912 1610 2978 titulos,
1636 2911 1788 2962 tituli
1822 2912 1884 2961 in
1910 2880 2035 2977 LL',
2061 2909 2171 2962 hae
2220 2909 2467 2962 subinde
2494 2910 2557 2960 in
2583 2924 2673 2976 pa-

430 2982 742 3048 ragraphos
763 2983 1022 3034 citantur.

572 3056 644 3119 (3)
721 3051 897 3105 Codex
923 3053 1195 3105 moderno
1226 3051 1476 3119 Corpore
1514 3051 1553 3107 J
1558 3069 1588 3104 u
1599 3051 1675 3104 ris
1701 3053 1929 3105 clausus
1968 3068 2085 3106 non
2112 3057 2200 3105 est
2221 3051 2437 3118 primae
2464 3051 2677 3106 Lectio·

429 3125 540 3191 nis,
566 3125 669 3177 sed
693 3125 978 3178 secundae
1006 3125 1305 3192 LectioniS,
1331 3141 1498 3190 quem
1525 3125 1558 3177 J
1567 3125 1889 3177 ustinianus
1916 3126 2212 3177 Pandectis
2229 3130 2285 3175 et
2299 3123 2677 3178 Institutioni-

431 3195 540 3248 bus
563 3197 680 3262 jam
707 3197 894 3262 editis,
921 3197 1189 3248 detractis
1215 3212 1288 3248 ex
1315 3197 1487 3262 priori
1511 3196 1820 3261 nonnuliis,
1846 3199 1905 3248 et
1928 3197 2111 3257 novis,
2132 3197 2367 3260 suisque
2390 3193 2678 3248 Constitu-

429 3267 684 3320 tionibus
722 3275 968 3330 auctum,
996 3273 1053 3320 et
1095 3269 1152 3319 in
1191 3272 1248 3318 12
1275 3268 1476 3320 Libros
1501 3269 1749 3320 divisum
1778 3267 1886 3320 sub
1930 3269 2161 3319 nomine
2206 3265 2435 3319 Codicis
2478 3267 2676 3334 limati,

432 3339 848 3405 emendatique,
875 3345 932 3392 et
955 3338 1232 3406 repetitae
1259 3339 1668 3408 Praelectionis
1697 3341 1953 3406 vulgavit
1982 3342 2047 3391 16
2095 3337 2213 3391 Cal.
2241 3338 2536 3391 Decembr.
2568 3341 2677 3394 An.

434 3409 646 3462 Christi
667 3414 788 3463 534.

572 3483 646 3547 (4)
717 3479 1074 3535 Anthenticae
1095 3483 1218 3536 sive
1243 3482 1408 3534 Liber
1428 3482 1921 3546 Anthenticorum,
1939 3483 2020 3534 sic
2040 3482 2242 3548 dictim,
2262 3481 2413 3547 quod
2430 3484 2483 3534 ei
2500 3481 2678 3534 veluti

433 3552 544 3619 ipsi
585 3553 842 3619 originali
881 3553 1023 3606 fides
1067 3554 1419 3606 adhibeatur:
1476 3556 1572 3624 vel·
1595 3555 1767 3606 etiam
1808 3550 2081 3622 Νουεὶἰαε,
2107 3554 2270 3620 quasi
2306 3555 2400 3619 jus
2438 3555 2675 3606 novissi-

434 3640 590 3676 mum
630 3639 733 3676 seu
759 3640 943 3678 novae
969 3624 1437 3686 Constitutiones,
1464 3630 1592 3692 post
1632 3627 2051 3692 promulgatum
2077 3628 2193 3691 jam
2246 3625 2519 3690 repetitae
2546 3625 2676 3678 Lec-
2694 3627 2711 3638 ⁶

433 3696 608 3748 tionis
635 3695 920 3763 Codicem‚
941 3695 1013 3748 ab
1028 3697 1156 3763 ipso
1181 3697 1219 3750 J
1222 3699 1512 3750 ustiniano
1533 3697 1606 3749 ab
1633 3713 1785 3750 anno
1804 3698 2031 3765 Imperii
2057 3699 2146 3748 sui
2176 3697 2202 3748 7
2233 3710 2412 3761 usque
2438 3698 2504 3747 38
2530 3697 2676 3760 eius-

433 3766 584 3830 dem,
615 3767 826 3820 Christi
851 3772 954 3820 565
1000 3772 1059 3820 et
1077 3769 1292 3822 laudati
1318 3769 1687 3836 Imperatoris
1725 3773 2064 3834 extremum,
2089 3783 2174 3837 ee,
2200 3782 2315 3834 quo
2357 3767 2679 3820 referuntur

432 3838 650 3902 ordine,
671 3849 807 3892 sunt
827 3840 1030 3892 editae.

579 3909 885 3962 Praedictis
911 3909 1068 3963 Juris
1097 3911 1292 3964 Civilis
1320 3911 1577 3977 partibus
1607 3911 1801 3963 addita
1826 3915 1975 3964 sunt.
2004 3913 2047 3962 l.
2052 3921 2081 3952 0
2112 3913 2173 3962 13
2201 3911 2383 3964 edicta
2407 3911 2442 3964 J
2448 3911 2677 3964 ustima

431 3979 512 4044 ni,
539 3981 791 4050 itemque
815 3983 1090 4035 Novellse
1115 3984 1210 4036 ali<
1231 3989 1331 4034 uot
1358 3983 1810 4037 Constitutiones
1847 3983 2337 4050 ι1118111111,1111ᾳι101,
2361 3983 2593 4046 Tiberii,
2619 3989 2679 4037 et

432 4019 623 4105 ad’huc
647 4055 864 4120 aliquot
890 4053 1225 4106 Justinian
1215 4059 1299 4118 ,2
1304 4059 1330 4086 0
1361 4057 1460 4107 113
1488 4055 1612 4108 Nov
1615 4055 1759 4106 ellae
1785 4053 2236 4107 Constitutiones
2264 4056 2469 4108 Leonis
2498 4056 2678 4121 Impe-

431 4125 650 4187 ratoris;
677 4126 727 4178 3.
733 4134 762 4165 0
806 4124 1263 4178 Consuetudines
1307 4125 1610 4192 Fundales,
1637 4141 1740 4178 seu
1790 4125 1945 4177 Libri
1988 4126 2326 4184 Fendorum,
2352 4126 2560 4193 partim
2604 4143 2681 4180 ex

433 4193 958 4250 Constitutionibus
996 4197 1410 4264 Imperatorum
1453 4203 1584 4263 post
1629 4197 1665 4250 J
1672 4200 1923 4250 ustinum
1954 4197 2014 4250 in
2056 4199 2363 4252 Occidente
2402 4198 2680 4265 imperan-

431 4266 598 4335 tium,
623 4269 830 4335 partim
857 4284 932 4322 ex
949 4269 1458 4322 consuetudinibus
1484 4283 1518 4322 a
1549 4265 1833 4323 Glterardo
1857 4266 2033 4337 Niyro
2055 4274 2113 4323 et
2143 4266 2339 4324 Oberto
2368 4265 2502 4323 Orto
2522 4270 2683 4326 colle-

433 4339 527 4404 cti;
554 4343 638 4392 4.0
663 4340 1135 4411 Extravagantes,
1155 4344 1214 4395 et
1238 4340 1409 4394 Liber
1433 4341 1506 4393 de
1532 4354 1673 4407 pace
1698 4340 2087 4396 Constantine.
