<?xml version="1.0" encoding="UTF-8"?>
<!DOCTYPE html PUBLIC "-//W3C//DTD XHTML 1.0 Transitional//EN"
    "http://www.w3.org/TR/xhtml1/DTD/xhtml1-transitional.dtd">
<html xmlns="http://www.w3.org/1999/xhtml" xml:lang="en" lang="en">
 <head>
  <title>
</title>
<meta http-equiv="Content-Type" content="text/html;charset=utf-8" />
  <meta name='ocr-system' content='tesseract 3.04.00' />
  <meta name='ocr-capabilities' content='ocr_page ocr_carea ocr_par ocr_line ocrx_word'/>
</head>
<body>
  <div class='ocr_page' id='page_1' title='image "./introductioinju00ferngoog_0228.png"; bbox 0 0 3332 5100; ppageno 0'>
   <div class='ocr_carea' id='block_1_1' title="bbox 1697 320 2053 380">
    <p class='ocr_par' dir='ltr' id='par_1_1' title="bbox 1697 320 2053 380">
     <span class='ocr_line' id='line_1_1' title="bbox 1697 320 2053 380; baseline 0.006 -16"><span class='ocrx_word' id='word_1_1' title='bbox 1697 320 2053 380; x_wconf 55' lang='lat'>„203-</span> 
     </span>
    </p>
   </div>
   <div class='ocr_carea' id='block_1_2' title="bbox 754 462 3061 3775">
    <p class='ocr_par' dir='ltr' id='par_1_2' title="bbox 756 462 2996 754">
     <span class='ocr_line' id='line_1_2' title="bbox 756 462 2995 548; baseline 0.002 -20"><span class='ocrx_word' id='word_1_2' title='bbox 756 462 948 528; x_wconf 87' lang='lat' dir='ltr'>mine</span> <span class='ocrx_word' id='word_1_3' title='bbox 984 464 1390 546; x_wconf 87' lang='lat' dir='ltr'>perpensis,</span> <span class='ocrx_word' id='word_1_4' title='bbox 1424 466 1498 528; x_wconf 90' lang='lat' dir='ltr'>in</span> <span class='ocrx_word' id='word_1_5' title='bbox 1532 466 1901 547; x_wconf 77' lang='lat' dir='ltr'>posterum</span> <span class='ocrx_word' id='word_1_6' title='bbox 1937 484 2115 548; x_wconf 90' lang='lat' dir='ltr'>prae</span> <span class='ocrx_word' id='word_1_7' title='bbox 2167 466 2497 530; x_wconf 87' lang='lat' dir='ltr'>manibus</span> <span class='ocrx_word' id='word_1_8' title='bbox 2563 470 2995 532; x_wconf 89' lang='lat' dir='ltr'>documenta</span> 
     </span>
     <span class='ocr_line' id='line_1_3' title="bbox 756 574 2996 658; baseline 0.002 -22"><span class='ocrx_word' id='word_1_9' title='bbox 756 578 958 636; x_wconf 87' lang='lat' dir='ltr'>certa</span> <span class='ocrx_word' id='word_1_10' title='bbox 992 574 1438 638; x_wconf 78' lang='lat' dir='ltr'><strong>haberentur</strong></span> <span class='ocrx_word' id='word_1_11' title='bbox 1466 592 1600 654; x_wconf 90' lang='lat' dir='ltr'>pro</span> <span class='ocrx_word' id='word_1_12' title='bbox 1634 580 1839 638; x_wconf 89' lang='lat' dir='ltr'>recta</span> <span class='ocrx_word' id='word_1_13' title='bbox 1873 574 2315 656; x_wconf 66' lang='lat' dir='ltr'>quaestionis</span> <span class='ocrx_word' id='word_1_14' title='bbox 2351 574 2531 638; x_wconf 91' lang='lat' dir='ltr'>adeo</span> <span class='ocrx_word' id='word_1_15' title='bbox 2569 576 2996 658; x_wconf 79' lang='lat' dir='ltr'>complexae</span> 
     </span>
     <span class='ocr_line' id='line_1_4' title="bbox 756 670 2901 754; baseline 0 -10"><span class='ocrx_word' id='word_1_16' title='bbox 756 680 1136 754; x_wconf 87' lang='lat' dir='ltr'>solutione.</span> <span class='ocrx_word' id='word_1_17' title='bbox 2880 670 2901 704; x_wconf 72' lang='lat'>⁸</span> 
     </span>
    </p>

    <p class='ocr_par' dir='ltr' id='par_1_3' title="bbox 754 786 3001 1410">
     <span class='ocr_line' id='line_1_5' title="bbox 938 786 2997 872; baseline 0.002 -20"><span class='ocrx_word' id='word_1_18' title='bbox 938 788 1324 852; x_wconf 78' lang='lat' dir='ltr'><strong><em>Terminus.</em></strong></span> <span class='ocrx_word' id='word_1_19' title='bbox 1424 788 1759 870; x_wconf 84' lang='lat' dir='ltr'>Denique</span> <span class='ocrx_word' id='word_1_20' title='bbox 1787 786 2321 854; x_wconf 85' lang='lat' dir='ltr'>Concordatum</span> <span class='ocrx_word' id='word_1_21' title='bbox 2357 794 2463 854; x_wconf 86' lang='lat' dir='ltr'>tot</span> <span class='ocrx_word' id='word_1_22' title='bbox 2489 792 2997 872; x_wconf 86' lang='lat' dir='ltr'>negotiationi-</span> 
     </span>
     <span class='ocr_line' id='line_1_6' title="bbox 754 898 2997 980; baseline 0.001 -20"><span class='ocrx_word' id='word_1_23' title='bbox 754 898 888 960; x_wconf 90' lang='lat' dir='ltr'>bus</span> <span class='ocrx_word' id='word_1_24' title='bbox 924 902 1442 978; x_wconf 87' lang='lat' dir='ltr'>praeparatum</span> <span class='ocrx_word' id='word_1_25' title='bbox 1478 904 1550 962; x_wconf 93' lang='lat' dir='ltr'>et</span> <span class='ocrx_word' id='word_1_26' title='bbox 1584 916 1715 978; x_wconf 88' lang='lat' dir='ltr'>per</span> <span class='ocrx_word' id='word_1_27' title='bbox 1749 900 2045 978; x_wconf 87' lang='lat' dir='ltr'>longum</span> <span class='ocrx_word' id='word_1_28' title='bbox 2083 902 2369 980; x_wconf 90' lang='lat' dir='ltr'>tempus</span> <span class='ocrx_word' id='word_1_29' title='bbox 2413 902 2839 980; x_wconf 86' lang='lat' dir='ltr'>exoptatum</span> <span class='ocrx_word' id='word_1_30' title='bbox 2871 900 2997 964; x_wconf 88' lang='lat' dir='ltr'>ini-</span> 
     </span>
     <span class='ocr_line' id='line_1_7' title="bbox 756 1004 2995 1088; baseline 0.001 -20"><span class='ocrx_word' id='word_1_31' title='bbox 756 1008 904 1068; x_wconf 89' lang='lat' dir='ltr'>tum</span> <span class='ocrx_word' id='word_1_32' title='bbox 940 1006 1074 1068; x_wconf 89' lang='lat' dir='ltr'>fuit</span> <span class='ocrx_word' id='word_1_33' title='bbox 1106 1004 1376 1068; x_wconf 86' lang='lat' dir='ltr'>Romae</span> <span class='ocrx_word' id='word_1_34' title='bbox 1410 1006 1482 1068; x_wconf 88' lang='lat' dir='ltr'>in</span> <span class='ocrx_word' id='word_1_35' title='bbox 1517 1004 1799 1068; x_wconf 86' lang='lat' dir='ltr'>Palatio</span> <span class='ocrx_word' id='word_1_36' title='bbox 1839 1006 2259 1086; x_wconf 81' lang='lat' dir='ltr'>Apostolico</span> <span class='ocrx_word' id='word_1_37' title='bbox 2321 1004 2715 1086; x_wconf 83' lang='lat' dir='ltr'>Quirinalis</span> <span class='ocrx_word' id='word_1_38' title='bbox 2777 1006 2995 1088; x_wconf 80' lang='lat' dir='ltr'>dioto,</span> 
     </span>
     <span class='ocr_line' id='line_1_8' title="bbox 756 1112 2999 1194; baseline 0 -18"><span class='ocrx_word' id='word_1_39' title='bbox 756 1116 828 1176; x_wconf 89' lang='lat' dir='ltr'>et</span> <span class='ocrx_word' id='word_1_40' title='bbox 866 1112 978 1176; x_wconf 87' lang='lat' dir='ltr'>die</span> <span class='ocrx_word' id='word_1_41' title='bbox 1014 1112 1096 1176; x_wconf 73' lang='lat'>26</span> <span class='ocrx_word' id='word_1_42' title='bbox 1134 1112 1580 1194; x_wconf 77' lang='lat' dir='ltr'><strong>Septembris</strong></span> <span class='ocrx_word' id='word_1_43' title='bbox 1612 1114 1785 1176; x_wconf 89' lang='lat' dir='ltr'>anni</span> <span class='ocrx_word' id='word_1_44' title='bbox 1823 1112 1993 1176; x_wconf 83' lang='grc'><strong>1737</strong></span> <span class='ocrx_word' id='word_1_45' title='bbox 2031 1112 2519 1192; x_wconf 88' lang='lat' dir='ltr'>subscriptum</span> <span class='ocrx_word' id='word_1_46' title='bbox 2553 1132 2597 1174; x_wconf 89' lang='lat' dir='ltr'>a</span> <span class='ocrx_word' id='word_1_47' title='bbox 2655 1112 2999 1176; x_wconf 85' lang='lat' dir='ltr'>Cardina-</span> 
     </span>
     <span class='ocr_line' id='line_1_9' title="bbox 756 1218 3001 1302; baseline 0 -18"><span class='ocrx_word' id='word_1_48' title='bbox 756 1222 808 1284; x_wconf 88' lang='lat' dir='ltr'>li</span> <span class='ocrx_word' id='word_1_49' title='bbox 840 1220 1122 1298; x_wconf 83' lang='lat' dir='ltr'>Firra0,</span> <span class='ocrx_word' id='word_1_50' title='bbox 1162 1220 1448 1282; x_wconf 89' lang='lat' dir='ltr'>nomine</span> <span class='ocrx_word' id='word_1_51' title='bbox 1484 1218 1879 1284; x_wconf 83' lang='lat' dir='ltr'>Clementis</span> <span class='ocrx_word' id='word_1_52' title='bbox 1913 1220 2079 1300; x_wconf 85' lang='lat' dir='ltr'>XII,</span> <span class='ocrx_word' id='word_1_53' title='bbox 2111 1224 2183 1282; x_wconf 88' lang='lat' dir='ltr'>et</span> <span class='ocrx_word' id='word_1_54' title='bbox 2217 1238 2259 1282; x_wconf 89' lang='lat' dir='ltr'>a</span> <span class='ocrx_word' id='word_1_55' title='bbox 2295 1218 2675 1284; x_wconf 85' lang='lat' dir='ltr'>Cardinali</span> <span class='ocrx_word' id='word_1_56' title='bbox 2727 1222 3001 1302; x_wconf 76' lang='lat' dir='ltr'>Troya-</span> 
     </span>
     <span class='ocr_line' id='line_1_10' title="bbox 754 1326 2097 1410; baseline -0.001 -20"><span class='ocrx_word' id='word_1_57' title='bbox 754 1346 848 1390; x_wconf 92' lang='lat' dir='ltr'>no</span> <span class='ocrx_word' id='word_1_58' title='bbox 884 1328 1297 1410; x_wconf 77' lang='lat' dir='ltr'><strong>Aquaviva,</strong></span> <span class='ocrx_word' id='word_1_59' title='bbox 1336 1328 1628 1390; x_wconf 89' lang='lat' dir='ltr'>nomine</span> <span class='ocrx_word' id='word_1_60' title='bbox 1665 1328 1977 1406; x_wconf 86' lang='lat' dir='ltr'>Philippi</span> <span class='ocrx_word' id='word_1_61' title='bbox 2013 1326 2097 1390; x_wconf 90' lang='lat' dir='ltr'>V.</span> 
     </span>
    </p>

    <p class='ocr_par' dir='ltr' id='par_1_4' title="bbox 756 1432 3061 2915">
     <span class='ocr_line' id='line_1_11' title="bbox 938 1432 3003 1516; baseline 0 -18"><span class='ocrx_word' id='word_1_62' title='bbox 938 1434 1088 1498; x_wconf 76' lang='lat'><strong>182.</strong></span> <span class='ocrx_word' id='word_1_63' title='bbox 1190 1432 1725 1498; x_wconf 84' lang='lat' dir='ltr'>Concordatum</span> <span class='ocrx_word' id='word_1_64' title='bbox 1765 1434 1959 1496; x_wconf 78' lang='lat'><strong>1753.</strong></span> <span class='ocrx_word' id='word_1_65' title='bbox 2005 1432 2291 1498; x_wconf 77' lang='lat' dir='ltr'>Causae.</span> <span class='ocrx_word' id='word_1_66' title='bbox 2325 1433 2527 1496; x_wconf 80' lang='lat' dir='ltr'>Inter</span> <span class='ocrx_word' id='word_1_67' title='bbox 2561 1436 3003 1516; x_wconf 88' lang='lat' dir='ltr'>praecipuas</span> 
     </span>
     <span class='ocr_line' id='line_1_12' title="bbox 760 1540 3001 1624; baseline 0 -18"><span class='ocrx_word' id='word_1_68' title='bbox 760 1560 1020 1606; x_wconf 86' lang='lat' dir='ltr'>causas</span> <span class='ocrx_word' id='word_1_69' title='bbox 1054 1558 1242 1624; x_wconf 87' lang='lat' dir='ltr'>quae</span> <span class='ocrx_word' id='word_1_70' title='bbox 1274 1540 1757 1604; x_wconf 80' lang='lat' dir='ltr'>celebrationi</span> <span class='ocrx_word' id='word_1_71' title='bbox 1789 1542 1907 1620; x_wconf 86' lang='lat' dir='ltr'>huj</span> <span class='ocrx_word' id='word_1_72' title='bbox 1923 1560 2001 1604; x_wconf 88' lang='lat' dir='ltr'>us</span> <span class='ocrx_word' id='word_1_73' title='bbox 2039 1540 2475 1606; x_wconf 84' lang='lat' dir='ltr'>Concordati</span> <span class='ocrx_word' id='word_1_74' title='bbox 2513 1546 2747 1606; x_wconf 87' lang='lat' dir='ltr'>ortum</span> <span class='ocrx_word' id='word_1_75' title='bbox 2791 1542 3001 1606; x_wconf 87' lang='lat' dir='ltr'>dede-</span> 
     </span>
     <span class='ocr_line' id='line_1_13' title="bbox 756 1628 3003 1732; baseline 0.001 -20"><span class='ocrx_word' id='word_1_76' title='bbox 756 1628 860 1729; x_wconf 79' lang='lat' dir='ltr'>re,</span> <span class='ocrx_word' id='word_1_77' title='bbox 900 1648 1270 1712; x_wconf 75' lang='lat' dir='ltr'>recenseri</span> <span class='ocrx_word' id='word_1_78' title='bbox 1306 1652 1703 1710; x_wconf 87' lang='lat' dir='ltr'>merentur:</span> <span class='ocrx_word' id='word_1_79' title='bbox 1747 1646 1845 1710; x_wconf 84' lang='lat'>1.0</span> <span class='ocrx_word' id='word_1_80' title='bbox 1889 1648 2161 1712; x_wconf 79' lang='lat' dir='ltr'>assidui</span> <span class='ocrx_word' id='word_1_81' title='bbox 2187 1654 2491 1712; x_wconf 88' lang='lat' dir='ltr'>conatus</span> <span class='ocrx_word' id='word_1_82' title='bbox 2531 1650 2807 1732; x_wconf 80' lang='lat' dir='ltr'>Regum</span> <span class='ocrx_word' id='word_1_83' title='bbox 2849 1652 3003 1714; x_wconf 87' lang='lat' dir='ltr'>His-</span> 
     </span>
     <span class='ocr_line' id='line_1_14' title="bbox 756 1756 3061 1840; baseline 0.002 -22"><span class='ocrx_word' id='word_1_84' title='bbox 756 1756 1024 1838; x_wconf 86' lang='lat' dir='ltr'>paniae</span> <span class='ocrx_word' id='word_1_85' title='bbox 1060 1756 1374 1818; x_wconf 77' lang='lat' dir='ltr'>maxime</span> <span class='ocrx_word' id='word_1_86' title='bbox 1414 1756 1546 1818; x_wconf 89' lang='lat' dir='ltr'>sub</span> <span class='ocrx_word' id='word_1_87' title='bbox 1580 1756 1915 1838; x_wconf 88' lang='lat' dir='ltr'>Philippo</span> <span class='ocrx_word' id='word_1_88' title='bbox 1951 1756 2057 1820; x_wconf 93' lang='lat' dir='ltr'>III</span> <span class='ocrx_word' id='word_1_89' title='bbox 2093 1762 2165 1820; x_wconf 91' lang='lat' dir='ltr'>et</span> <span class='ocrx_word' id='word_1_90' title='bbox 2189 1756 2523 1838; x_wconf 88' lang='lat' dir='ltr'>Philippo</span> <span class='ocrx_word' id='word_1_91' title='bbox 2559 1758 2659 1822; x_wconf 90' lang='lat' dir='ltr'>IV</span> <span class='ocrx_word' id='word_1_92' title='bbox 2707 1762 2847 1840; x_wconf 85' lang='lat' dir='ltr'>pro</span> <span class='ocrx_word' id='word_1_93' title='bbox 2887 1760 3001 1824; x_wconf 90' lang='lat' dir='ltr'>ob·</span> <span class='ocrx_word' id='word_1_94' title='bbox 3057 1820 3061 1822; x_wconf 84' lang='grc'><strong>,</strong></span> 
     </span>
     <span class='ocr_line' id='line_1_15' title="bbox 758 1862 2999 1946; baseline 0 -19"><span class='ocrx_word' id='word_1_95' title='bbox 758 1864 1054 1928; x_wconf 88' lang='lat' dir='ltr'>tinendo</span> <span class='ocrx_word' id='word_1_96' title='bbox 1092 1864 1314 1944; x_wconf 85' lang='lat' dir='ltr'>Regio</span> <span class='ocrx_word' id='word_1_97' title='bbox 1352 1862 1775 1944; x_wconf 84' lang='lat' dir='ltr'>Patronatu,</span> <span class='ocrx_word' id='word_1_98' title='bbox 1815 1864 1999 1926; x_wconf 83' lang='lat' dir='ltr'>alias</span> <span class='ocrx_word' id='word_1_99' title='bbox 2063 1882 2195 1944; x_wconf 89' lang='lat' dir='ltr'>per</span> <span class='ocrx_word' id='word_1_100' title='bbox 2263 1864 2841 1946; x_wconf 77' lang='lat' dir='ltr'>supplicationes</span> <span class='ocrx_word' id='word_1_101' title='bbox 2903 1866 2999 1928; x_wconf 91' lang='lat' dir='ltr'>ni-</span> 
     </span>
     <span class='ocr_line' id='line_1_16' title="bbox 758 1970 3003 2052; baseline 0 -18"><span class='ocrx_word' id='word_1_102' title='bbox 758 1972 976 2034; x_wconf 88' lang='lat' dir='ltr'>mium</span> <span class='ocrx_word' id='word_1_103' title='bbox 1012 1970 1508 2052; x_wconf 70' lang='lat' dir='ltr'>vehementes,‚</span> <span class='ocrx_word' id='word_1_104' title='bbox 1548 1972 1735 2034; x_wconf 78' lang='lat' dir='ltr'>alias</span> <span class='ocrx_word' id='word_1_105' title='bbox 1763 1990 1939 2036; x_wconf 83' lang='lat' dir='ltr'>Vero</span> <span class='ocrx_word' id='word_1_106' title='bbox 1999 1988 2129 2052; x_wconf 88' lang='lat' dir='ltr'>per</span> <span class='ocrx_word' id='word_1_107' title='bbox 2167 1972 2637 2052; x_wconf 78' lang='lat' dir='ltr'>gravissimas</span> <span class='ocrx_word' id='word_1_108' title='bbox 2715 1978 3003 2034; x_wconf 88' lang='lat' dir='ltr'>conten-</span> 
     </span>
     <span class='ocr_line' id='line_1_17' title="bbox 760 2078 2999 2160; baseline 0.001 -20"><span class='ocrx_word' id='word_1_109' title='bbox 760 2078 1024 2158; x_wconf 83' lang='lat' dir='ltr'>tiones,</span> <span class='ocrx_word' id='word_1_110' title='bbox 1056 2082 1274 2160; x_wconf 89' lang='lat' dir='ltr'>atque</span> <span class='ocrx_word' id='word_1_111' title='bbox 1310 2078 1524 2140; x_wconf 88' lang='lat' dir='ltr'>etiam</span> <span class='ocrx_word' id='word_1_112' title='bbox 1562 2080 1913 2142; x_wconf 79' lang='lat' dir='ltr'>saevitias</span> <span class='ocrx_word' id='word_1_113' title='bbox 1951 2084 2021 2142; x_wconf 93' lang='lat' dir='ltr'>et</span> <span class='ocrx_word' id='word_1_114' title='bbox 2087 2080 2605 2142; x_wconf 87' lang='lat' dir='ltr'>insectationes</span> <span class='ocrx_word' id='word_1_115' title='bbox 2663 2078 2999 2156; x_wconf 75' lang='lat' dir='ltr'>revelati;</span> 
     </span>
     <span class='ocr_line' id='line_1_18' title="bbox 766 2184 3003 2270; baseline 0 -23"><span class='ocrx_word' id='word_1_116' title='bbox 766 2184 874 2248; x_wconf 85' lang='lat'>2.⁰</span> <span class='ocrx_word' id='word_1_117' title='bbox 908 2186 1186 2248; x_wconf 90' lang='lat' dir='ltr'>firmum</span> <span class='ocrx_word' id='word_1_118' title='bbox 1230 2190 1300 2248; x_wconf 90' lang='lat' dir='ltr'>et</span> <span class='ocrx_word' id='word_1_119' title='bbox 1334 2186 1821 2252; x_wconf 83' lang='lat' dir='ltr'>irrevocabile</span> <span class='ocrx_word' id='word_1_120' title='bbox 1853 2190 2299 2270; x_wconf 87' lang='lat' dir='ltr'>propositum</span> <span class='ocrx_word' id='word_1_121' title='bbox 2335 2186 2779 2268; x_wconf 88' lang='lat' dir='ltr'>adimplendi</span> <span class='ocrx_word' id='word_1_122' title='bbox 2837 2186 3003 2248; x_wconf 90' lang='lat' dir='ltr'>arti-</span> 
     </span>
     <span class='ocr_line' id='line_1_19' title="bbox 764 2290 3003 2358; baseline 0 -2"><span class='ocrx_word' id='word_1_123' title='bbox 764 2294 1002 2356; x_wconf 87' lang='lat' dir='ltr'>culum</span> <span class='ocrx_word' id='word_1_124' title='bbox 1038 2292 1122 2356; x_wconf 82' lang='lat'>25</span> <span class='ocrx_word' id='word_1_125' title='bbox 1160 2290 1596 2356; x_wconf 86' lang='lat' dir='ltr'>Concordati</span> <span class='ocrx_word' id='word_1_126' title='bbox 1632 2294 1803 2356; x_wconf 83' lang='grc'><strong>1737</strong></span> <span class='ocrx_word' id='word_1_127' title='bbox 1839 2312 1991 2358; x_wconf 90' lang='lat' dir='ltr'>rem</span> <span class='ocrx_word' id='word_1_128' title='bbox 2023 2300 2255 2358; x_wconf 87' lang='lat' dir='ltr'>totam</span> <span class='ocrx_word' id='word_1_129' title='bbox 2283 2294 2375 2358; x_wconf 89' lang='lat' dir='ltr'>ad</span> <span class='ocrx_word' id='word_1_130' title='bbox 2399 2312 2665 2358; x_wconf 79' lang='lat' dir='ltr'>novum</span> <span class='ocrx_word' id='word_1_131' title='bbox 2697 2310 3003 2356; x_wconf 78' lang='lat' dir='ltr'>examen</span> 
     </span>
     <span class='ocr_line' id='line_1_20' title="bbox 760 2400 3003 2484; baseline 0.001 -22"><span class='ocrx_word' id='word_1_132' title='bbox 760 2400 1226 2464; x_wconf 86' lang='lat' dir='ltr'>differentem</span> <span class='ocrx_word' id='word_1_133' title='bbox 1274 2404 1346 2463; x_wconf 93' lang='lat' dir='ltr'>et</span> <span class='ocrx_word' id='word_1_134' title='bbox 1406 2402 1907 2482; x_wconf 87' lang='lat' dir='ltr'>quaestionem</span> <span class='ocrx_word' id='word_1_135' title='bbox 1955 2402 2135 2464; x_wconf 90' lang='lat' dir='ltr'>adeo</span> <span class='ocrx_word' id='word_1_136' title='bbox 2201 2404 2555 2484; x_wconf 88' lang='lat' dir='ltr'>agitatam</span> <span class='ocrx_word' id='word_1_137' title='bbox 2621 2402 2695 2464; x_wconf 90' lang='lat' dir='ltr'>in</span> <span class='ocrx_word' id='word_1_138' title='bbox 2753 2402 3003 2464; x_wconf 90' lang='lat' dir='ltr'>eodem</span> 
     </span>
     <span class='ocr_line' id='line_1_21' title="bbox 760 2508 3005 2591; baseline -0 -18"><span class='ocrx_word' id='word_1_139' title='bbox 760 2514 956 2573; x_wconf 90' lang='lat' dir='ltr'>statu</span> <span class='ocrx_word' id='word_1_140' title='bbox 1002 2508 1516 2591; x_wconf 81' lang='lat' dir='ltr'>reliquentem3</span> <span class='ocrx_word' id='word_1_141' title='bbox 1586 2508 1691 2573; x_wconf 56' lang='lat'>310</span> <span class='ocrx_word' id='word_1_142' title='bbox 1727 2510 2013 2573; x_wconf 90' lang='lat' dir='ltr'>sincera</span> <span class='ocrx_word' id='word_1_143' title='bbox 2073 2508 2521 2573; x_wconf 84' lang='lat' dir='ltr'>Summorum</span> <span class='ocrx_word' id='word_1_144' title='bbox 2579 2510 3005 2573; x_wconf 87' lang='lat' dir='ltr'>Pontificum</span> 
     </span>
     <span class='ocr_line' id='line_1_22' title="bbox 762 2615 3003 2683; baseline 0 -2"><span class='ocrx_word' id='word_1_145' title='bbox 762 2615 1152 2681; x_wconf 82' lang='lat' dir='ltr'>Clementis</span> <span class='ocrx_word' id='word_1_146' title='bbox 1186 2617 1326 2679; x_wconf 87' lang='lat' dir='ltr'>XII</span> <span class='ocrx_word' id='word_1_147' title='bbox 1364 2623 1437 2681; x_wconf 90' lang='lat' dir='ltr'>et</span> <span class='ocrx_word' id='word_1_148' title='bbox 1472 2617 1851 2681; x_wconf 87' lang='lat' dir='ltr'>Benedicti</span> <span class='ocrx_word' id='word_1_149' title='bbox 1883 2619 2053 2681; x_wconf 84' lang='lat' dir='ltr'>XIV</span> <span class='ocrx_word' id='word_1_150' title='bbox 2089 2619 2429 2683; x_wconf 78' lang='lat' dir='ltr'>voluntas</span> <span class='ocrx_word' id='word_1_151' title='bbox 2463 2619 2729 2681; x_wconf 88' lang='lat' dir='ltr'>bonam</span> <span class='ocrx_word' id='word_1_152' title='bbox 2765 2617 3003 2681; x_wconf 87' lang='lat' dir='ltr'>amici-</span> 
     </span>
     <span class='ocr_line' id='line_1_23' title="bbox 758 2725 3005 2809; baseline 0 -22"><span class='ocrx_word' id='word_1_153' title='bbox 758 2725 936 2789; x_wconf 87' lang='lat' dir='ltr'>tiam</span> <span class='ocrx_word' id='word_1_154' title='bbox 972 2725 1258 2789; x_wconf 88' lang='lat' dir='ltr'>colendi</span> <span class='ocrx_word' id='word_1_155' title='bbox 1292 2727 1821 2807; x_wconf 83' lang='lat' dir='ltr'>regularesque</span> <span class='ocrx_word' id='word_1_156' title='bbox 1856 2727 2251 2791; x_wconf 84' lang='lat' dir='ltr'>relationes</span> <span class='ocrx_word' id='word_1_157' title='bbox 2297 2745 2457 2791; x_wconf 83' lang='lat' dir='ltr'>curn</span> <span class='ocrx_word' id='word_1_158' title='bbox 2521 2727 2881 2809; x_wconf 84' lang='lat' dir='ltr'>Hispania</span> <span class='ocrx_word' id='word_1_159' title='bbox 2939 2729 3005 2789; x_wconf 90' lang='lat' dir='ltr'>et</span> 
     </span>
     <span class='ocr_line' id='line_1_24' title="bbox 764 2834 1899 2915; baseline 0 -18"><span class='ocrx_word' id='word_1_160' title='bbox 764 2835 826 2915; x_wconf 93' lang='lat' dir='ltr'>ej</span> <span class='ocrx_word' id='word_1_161' title='bbox 840 2853 918 2897; x_wconf 89' lang='lat' dir='ltr'>us</span> <span class='ocrx_word' id='word_1_162' title='bbox 951 2834 1408 2915; x_wconf 86' lang='lat' dir='ltr'>Principibus</span> <span class='ocrx_word' id='word_1_163' title='bbox 1444 2835 1899 2899; x_wconf 82' lang='lat' dir='ltr'>asservandi.</span> 
     </span>
    </p>

    <p class='ocr_par' dir='ltr' id='par_1_5' title="bbox 764 2939 3005 3113">
     <span class='ocr_line' id='line_1_25' title="bbox 954 2939 3005 3023; baseline -0.002 -18"><span class='ocrx_word' id='word_1_164' title='bbox 954 2941 1506 3007; x_wconf 72' lang='lat' dir='ltr'>Vicissitudz&#39;nes.</span> <span class='ocrx_word' id='word_1_165' title='bbox 1606 2941 1785 3004; x_wconf 90' lang='lat' dir='ltr'>Tres</span> <span class='ocrx_word' id='word_1_166' title='bbox 1819 2941 2351 3023; x_wconf 85' lang='lat' dir='ltr'>negotiationes</span> <span class='ocrx_word' id='word_1_167' title='bbox 2388 2959 2519 3023; x_wconf 90' lang='lat' dir='ltr'>pro</span> <span class='ocrx_word' id='word_1_168' title='bbox 2559 2939 3005 3005; x_wconf 80' lang='lat' dir='ltr'>absolvendo</span> 
     </span>
     <span class='ocr_line' id='line_1_26' title="bbox 764 3047 1947 3113; baseline 0 -2"><span class='ocrx_word' id='word_1_169' title='bbox 764 3047 902 3111; x_wconf 87' lang='lat' dir='ltr'>hoc</span> <span class='ocrx_word' id='word_1_170' title='bbox 940 3047 1402 3113; x_wconf 82' lang='lat' dir='ltr'>Concordato</span> <span class='ocrx_word' id='word_1_171' title='bbox 1438 3049 1733 3111; x_wconf 88' lang='lat' dir='ltr'>habitae</span> <span class='ocrx_word' id='word_1_172' title='bbox 1759 3055 1947 3111; x_wconf 87' lang='lat' dir='ltr'>sunt:</span> 
     </span>
    </p>

    <p class='ocr_par' dir='ltr' id='par_1_6' title="bbox 766 3153 3007 3775">
     <span class='ocr_line' id='line_1_27' title="bbox 944 3153 3007 3237; baseline -0.001 -18"><span class='ocrx_word' id='word_1_173' title='bbox 944 3157 1038 3219; x_wconf 62' lang='grc' dir='ltr'>1.1Ιῦ</span> <span class='ocrx_word' id='word_1_174' title='bbox 1132 3155 1522 3219; x_wconf 81' lang='lat' dir='ltr'>Gestiones</span> <span class='ocrx_word' id='word_1_175' title='bbox 1558 3157 2037 3237; x_wconf 84' lang='lat' dir='ltr'>incoeperunt</span> <span class='ocrx_word' id='word_1_176' title='bbox 2083 3159 2409 3237; x_wconf 90' lang='lat' dir='ltr'>tempore</span> <span class='ocrx_word' id='word_1_177' title='bbox 2445 3153 2835 3219; x_wconf 84' lang='lat' dir='ltr'>Clementis</span> <span class='ocrx_word' id='word_1_178' title='bbox 2869 3153 3007 3219; x_wconf 90' lang='lat' dir='ltr'>XII</span> 
     </span>
     <span class='ocr_line' id='line_1_28' title="bbox 772 3261 3007 3343; baseline -0.001 -18"><span class='ocrx_word' id='word_1_179' title='bbox 772 3265 844 3325; x_wconf 93' lang='lat' dir='ltr'>et</span> <span class='ocrx_word' id='word_1_180' title='bbox 880 3263 1250 3325; x_wconf 82' lang='lat' dir='ltr'>Ferdinan</span> <span class='ocrx_word' id='word_1_181' title='bbox 1268 3263 1338 3325; x_wconf 89' lang='lat' dir='ltr'>di</span> <span class='ocrx_word' id='word_1_182' title='bbox 1372 3263 1496 3327; x_wconf 85' lang='lat' dir='ltr'>VI.</span> <span class='ocrx_word' id='word_1_183' title='bbox 1536 3263 1648 3325; x_wconf 81' lang='lat' dir='ltr'>Ad</span> <span class='ocrx_word' id='word_1_184' title='bbox 1685 3263 2111 3343; x_wconf 81' lang='lat' dir='ltr'>exequenda.</span> <span class='ocrx_word' id='word_1_185' title='bbox 2147 3281 2235 3325; x_wconf 90' lang='lat' dir='ltr'>ea</span> <span class='ocrx_word' id='word_1_186' title='bbox 2271 3279 2457 3343; x_wconf 89' lang='lat' dir='ltr'>quae</span> <span class='ocrx_word' id='word_1_187' title='bbox 2523 3263 2597 3325; x_wconf 89' lang='lat' dir='ltr'>in</span> <span class='ocrx_word' id='word_1_188' title='bbox 2663 3261 3007 3325; x_wconf 86' lang='lat' dir='ltr'>anteriori</span> 
     </span>
     <span class='ocr_line' id='line_1_29' title="bbox 768 3369 3003 3453; baseline -0.001 -20"><span class='ocrx_word' id='word_1_189' title='bbox 768 3369 1220 3433; x_wconf 73' lang='lat' dir='ltr'>eonem-dato</span> <span class='ocrx_word' id='word_1_190' title='bbox 1260 3373 1402 3453; x_wconf 88' lang='lat' dir='ltr'>(art</span> <span class='ocrx_word' id='word_1_191' title='bbox 1422 3371 1546 3450; x_wconf 80' lang='lat'>25)</span> <span class='ocrx_word' id='word_1_192' title='bbox 1570 3375 1845 3433; x_wconf 87' lang='lat' dir='ltr'>statuta</span> <span class='ocrx_word' id='word_1_193' title='bbox 1865 3375 2075 3433; x_wconf 87' lang='lat' dir='ltr'>erant</span> <span class='ocrx_word' id='word_1_194' title='bbox 2091 3389 2221 3451; x_wconf 88' lang='lat' dir='ltr'>pro</span> <span class='ocrx_word' id='word_1_195' title='bbox 2241 3369 2641 3433; x_wconf 85' lang='lat' dir='ltr'>dirimenda</span> <span class='ocrx_word' id='word_1_196' title='bbox 2659 3369 3003 3451; x_wconf 87' lang='lat' dir='ltr'>tranquil-</span> 
     </span>
     <span class='ocr_line' id='line_1_30' title="bbox 766 3479 3003 3563; baseline -0.002 -20"><span class='ocrx_word' id='word_1_197' title='bbox 766 3479 838 3543; x_wconf 90' lang='lat' dir='ltr'>la</span> <span class='ocrx_word' id='word_1_198' title='bbox 876 3479 1326 3543; x_wconf 86' lang='lat' dir='ltr'>discussione</span> <span class='ocrx_word' id='word_1_199' title='bbox 1394 3486 1464 3543; x_wconf 90' lang='lat' dir='ltr'>et</span> <span class='ocrx_word' id='word_1_200' title='bbox 1508 3479 1821 3561; x_wconf 88' lang='lat' dir='ltr'>juridico</span> <span class='ocrx_word' id='word_1_201' title='bbox 1881 3479 2213 3541; x_wconf 84' lang='lat' dir='ltr'>examine</span> <span class='ocrx_word' id='word_1_202' title='bbox 2273 3479 2775 3563; x_wconf 81' lang='lat' dir='ltr'>controversia</span> <span class='ocrx_word' id='word_1_203' title='bbox 2829 3479 3003 3559; x_wconf 86' lang='lat' dir='ltr'>jam-</span> 
     </span>
     <span class='ocr_line' id='line_1_31' title="bbox 768 3585 3002 3669; baseline -0.002 -18"><span class='ocrx_word' id='word_1_204' title='bbox 768 3589 890 3651; x_wconf 78' lang='lat' dir='ltr'>diu</span> <span class='ocrx_word' id='word_1_205' title='bbox 928 3593 1188 3651; x_wconf 88' lang='lat' dir='ltr'>exorta</span> <span class='ocrx_word' id='word_1_206' title='bbox 1224 3587 1312 3651; x_wconf 85' lang='lat' dir='ltr'>de</span> <span class='ocrx_word' id='word_1_207' title='bbox 1344 3587 1566 3669; x_wconf 89' lang='lat' dir='ltr'>Regio</span> <span class='ocrx_word' id='word_1_208' title='bbox 1596 3587 2019 3667; x_wconf 78' lang='lat' dir='ltr'>Patronatu‚</span> <span class='ocrx_word' id='word_1_209' title='bbox 2073 3587 2435 3649; x_wconf 85' lang='lat' dir='ltr'>Romanus</span> <span class='ocrx_word' id='word_1_210' title='bbox 2467 3587 2805 3649; x_wconf 87' lang='lat' dir='ltr'>Pontifex</span> <span class='ocrx_word' id='word_1_211' title='bbox 2843 3585 3002 3649; x_wconf 85' lang='lat' dir='ltr'>Car-</span> 
     </span>
     <span class='ocr_line' id='line_1_32' title="bbox 768 3693 3005 3775; baseline -0.002 -18"><span class='ocrx_word' id='word_1_212' title='bbox 768 3695 1086 3757; x_wconf 87' lang='lat' dir='ltr'>dinalem</span> <span class='ocrx_word' id='word_1_213' title='bbox 1118 3694 1432 3774; x_wconf 88' lang='lat' dir='ltr'>Valenti,</span> <span class='ocrx_word' id='word_1_214' title='bbox 1486 3693 1829 3757; x_wconf 87' lang='lat' dir='ltr'>Nuntium</span> <span class='ocrx_word' id='word_1_215' title='bbox 1895 3694 1967 3755; x_wconf 90' lang='lat' dir='ltr'>in</span> <span class='ocrx_word' id='word_1_216' title='bbox 2029 3693 2383 3775; x_wconf 85' lang='lat' dir='ltr'>Hispania</span> <span class='ocrx_word' id='word_1_217' title='bbox 2441 3693 2879 3773; x_wconf 84' lang='lat' dir='ltr'>designavit,</span> <span class='ocrx_word' id='word_1_218' title='bbox 2940 3694 3005 3753; x_wconf 90' lang='lat' dir='ltr'>et</span> 
     </span>
    </p>
   </div>
   <div class='ocr_carea' id='block_1_3' title="bbox 656 3797 3003 3865">
    <p class='ocr_par' dir='ltr' id='par_1_7' title="bbox 656 3797 3003 3865">
     <span class='ocr_line' id='line_1_33' title="bbox 656 3797 3003 3865; baseline -0.002 -1"><span class='ocrx_word' id='word_1_219' title='bbox 656 3849 662 3855; x_wconf 90' lang='lat'>.</span> <span class='ocrx_word' id='word_1_220' title='bbox 766 3801 920 3865; x_wconf 88' lang='lat' dir='ltr'>Rex</span> <span class='ocrx_word' id='word_1_221' title='bbox 956 3799 1372 3863; x_wconf 85' lang='lat' dir='ltr'>Catholicus</span> <span class='ocrx_word' id='word_1_222' title='bbox 1412 3799 1873 3863; x_wconf 85' lang='lat' dir='ltr'>Cardinalem</span> <span class='ocrx_word' id='word_1_223' title='bbox 1911 3819 1953 3861; x_wconf 89' lang='lat' dir='ltr'>a</span> <span class='ocrx_word' id='word_1_224' title='bbox 1989 3799 2255 3863; x_wconf 84' lang='lat' dir='ltr'>Melina</span> <span class='ocrx_word' id='word_1_225' title='bbox 2319 3799 2777 3863; x_wconf 86' lang='lat' dir='ltr'>Praefectum</span> <span class='ocrx_word' id='word_1_226' title='bbox 2835 3797 3003 3863; x_wconf 89' lang='lat' dir='ltr'>Con-</span> 
     </span>
    </p>
   </div>
   <div class='ocr_carea' id='block_1_4' title="bbox 768 3903 3005 4311">
    <p class='ocr_par' dir='ltr' id='par_1_8' title="bbox 768 3903 3005 4311">
     <span class='ocr_line' id='line_1_34' title="bbox 768 3903 3003 3987; baseline -0.001 -18"><span class='ocrx_word' id='word_1_227' title='bbox 768 3909 910 3971; x_wconf 88' lang='lat' dir='ltr'>silii</span> <span class='ocrx_word' id='word_1_228' title='bbox 952 3911 1022 3969; x_wconf 93' lang='lat' dir='ltr'>et</span> <span class='ocrx_word' id='word_1_229' title='bbox 1057 3907 1448 3969; x_wconf 85' lang='lat' dir='ltr'>Dominum</span> <span class='ocrx_word' id='word_1_230' title='bbox 1474 3907 1767 3969; x_wconf 88' lang='lat' dir='ltr'>Petrum</span> <span class='ocrx_word' id='word_1_231' title='bbox 1819 3903 2177 3987; x_wconf 74' lang='lat' dir='ltr'>Ontalva,v</span> <span class='ocrx_word' id='word_1_232' title='bbox 2215 3907 2537 3987; x_wconf 87' lang='lat' dir='ltr'>ejusdem</span> <span class='ocrx_word' id='word_1_233' title='bbox 2603 3905 3003 3969; x_wconf 84' lang='lat' dir='ltr'>Tribunalis</span> 
     </span>
     <span class='ocr_line' id='line_1_35' title="bbox 772 4013 3005 4096; baseline -0.001 -21"><span class='ocrx_word' id='word_1_234' title='bbox 772 4013 1206 4096; x_wconf 85' lang='lat' dir='ltr'>Ministrum‚</span> <span class='ocrx_word' id='word_1_235' title='bbox 1248 4015 1650 4095; x_wconf 84' lang='lat' dir='ltr'>deputavit,</span> <span class='ocrx_word' id='word_1_236' title='bbox 1717 4015 1837 4095; x_wconf 89' lang='lat' dir='ltr'>qui</span> <span class='ocrx_word' id='word_1_237' title='bbox 1895 4015 2061 4077; x_wconf 88' lang='lat' dir='ltr'>huic</span> <span class='ocrx_word' id='word_1_238' title='bbox 2123 4015 2327 4095; x_wconf 91' lang='lat' dir='ltr'>operi</span> <span class='ocrx_word' id='word_1_239' title='bbox 2375 4017 2575 4077; x_wconf 91' lang='lat' dir='ltr'>recto</span> <span class='ocrx_word' id='word_1_240' title='bbox 2641 4013 2877 4075; x_wconf 89' lang='lat' dir='ltr'>animo</span> <span class='ocrx_word' id='word_1_241' title='bbox 2939 4013 3005 4073; x_wconf 90' lang='lat' dir='ltr'>et</span> 
     </span>
     <span class='ocr_line' id='line_1_36' title="bbox 770 4119 3005 4201; baseline -0.003 -18"><span class='ocrx_word' id='word_1_242' title='bbox 770 4121 942 4183; x_wconf 89' lang='lat' dir='ltr'>totis</span> <span class='ocrx_word' id='word_1_243' title='bbox 986 4121 1266 4185; x_wconf 81' lang='lat' dir='ltr'>viribus</span> <span class='ocrx_word' id='word_1_244' title='bbox 1304 4121 1787 4185; x_wconf 87' lang='lat' dir='ltr'>incubuerunt</span> <span class='ocrx_word' id='word_1_245' title='bbox 1821 4123 2049 4185; x_wconf 87' lang='lat' dir='ltr'>tribus</span> <span class='ocrx_word' id='word_1_246' title='bbox 2089 4121 2321 4201; x_wconf 85' lang='lat' dir='ltr'>annis3</span> <span class='ocrx_word' id='word_1_247' title='bbox 2353 4121 2479 4183; x_wconf 90' lang='lat' dir='ltr'>sed</span> <span class='ocrx_word' id='word_1_248' title='bbox 2509 4119 2805 4199; x_wconf 83' lang='lat' dir='ltr'>frustra,</span> <span class='ocrx_word' id='word_1_249' title='bbox 2848 4133 3005 4181; x_wconf 87' lang='lat' dir='ltr'>nam</span> 
     </span>
     <span class='ocr_line' id='line_1_37' title="bbox 782 4229 1903 4311; baseline 0 -20"><span class='ocrx_word' id='word_1_250' title='bbox 782 4229 1110 4311; x_wconf 87' lang='lat' dir='ltr'>quaestio</span> <span class='ocrx_word' id='word_1_251' title='bbox 1138 4229 1498 4293; x_wconf 88' lang='lat' dir='ltr'>indecissa</span> <span class='ocrx_word' id='word_1_252' title='bbox 1532 4229 1903 4293; x_wconf 87' lang='lat' dir='ltr'>remansit.</span> 
     </span>
    </p>
   </div>
   <div class='ocr_carea' id='block_1_5' title="bbox 3232 1780 3236 2908">
    <p class='ocr_par' dir='ltr' id='par_1_9' title="bbox 3232 1780 3236 2908">
     <span class='ocr_line' id='line_1_38' title="bbox 3232 1780 3236 2908; baseline 0 0"><span class='ocrx_word' id='word_1_253' title='bbox 3232 1780 3236 2908; x_wconf 95' lang='lat' dir='ltr'> </span> 
     </span>
    </p>
   </div>
   <div class='ocr_carea' id='block_1_6' title="bbox 3231 3584 3237 5083">
    <p class='ocr_par' dir='ltr' id='par_1_10' title="bbox 3231 3584 3237 5083">
     <span class='ocr_line' id='line_1_39' title="bbox 3231 3584 3237 5083; baseline 0 0"><span class='ocrx_word' id='word_1_254' title='bbox 3231 3584 3237 5083; x_wconf 95' lang='lat' dir='ltr'> </span> 
     </span>
    </p>
   </div>
  </div>
 </body>
</html>
