3332 5100
1563 388 1922 450 —198--

805 529 1189 602 Benedicti
1217 535 1288 600 II
1321 554 1465 600 una
1490 535 1582 600 ad
1607 535 1900 600 Petrum
1932 534 2308 600 Notarium
2340 538 2512 598 tunc
2571 532 2645 598 in
2707 528 2867 598 His-

627 645 850 728 pania
883 646 1480 708 commorantem.

805 752 1107 817 Adriani
1131 752 1166 816 I
1201 755 1374 816 tres:
1409 752 1596 816 duae
1630 751 1724 815 ad
1757 750 2042 832 Egilam
2090 750 2623 814 Illiberitanum
2683 750 2867 830 epis-

631 878 912 942 copum,
946 859 1164 924 tertia
1199 858 1292 923 ad
1325 859 1727 941 Hispaniae
1792 860 2174 940 episcopos
2242 864 2498 920 contra
2565 856 2859 938 Megetii

631 984 941 1032 errores;
1229 970 1235 978 '

803 1073 1178 1139 Benedicti
1210 1071 1383 1139 VIII
1417 1090 1560 1137 una
1611 1072 1886 1155 scripta
1938 1072 2030 1136 ad
2084 1072 2506 1136 instantiam
2569 1068 2857 1134 abbatis

627 1182 1088 1266 Ripullensis.

803 1289 845 1355 J
852 1290 1106 1355 oannis
1139 1288 1316 1354 XIX
1348 1287 1496 1352 alia
1520 1286 1615 1353 ad
1638 1287 1932 1352 Petrum
1968 1284 2512 1352 Gerundensem
2581 1284 2855 1366 episco-

629 1418 823 1480 pum.

805 1504 1088 1571 Nicolai
1112 1504 1184 1569 II
1219 1503 1456 1568 altera
1482 1501 1576 1567 ad
1608 1500 1958 1567 Comitem
1992 1500 2376 1566 Mironium
2418 1500 2492 1562 in
2528 1498 2867 1564 Catalau-

629 1630 775 1676 nia.

805 1720 1110 1785 Demum
1145 1723 1455 1802 quatuor
1486 1718 1888 1784 Alexandri
1922 1718 1992 1782 II
2022 1722 2092 1782 et
2130 1718 2460 1782 undecim
2496 1716 2565 1782 S.
2593 1716 2859 1798 Grego-

629 1830 719 1892 rii
747 1827 907 1910 VII,
946 1828 1284 1910 aliaeque
1310 1845 1454 1892 non
1481 1831 1632 1890 tam
1666 1828 1912 1908 magni
1940 1826 2306 1890 momenti.

806 1935 1249 2018 Praecipuas
1281 1953 1458 2001 vero
1494 1935 1978 1999 Romanorum
2014 1934 2442 1998 Pontificum
2508 1932 2867 1998 Constitu-

629 2044 862 2108 tiones
890 2042 982 2107 ad
1017 2061 1286 2108 novam
1321 2041 1782 2125 disciplinam
1820 2044 2214 2106 attinentes
2252 2042 2502 2106 ordine
2571 2040 2867 2104 chrono-

629 2150 865 2232 logico
901 2149 1330 2214 brevissime
1368 2149 1762 2213 subdimus:

805 2255 991 2321 sixti
1024 2255 1124 2320 IV
1150 2256 1361 2320 Bulla
1401 2256 1751 2324 Creditam
1784 2260 1980 2324 nobis
2016 2258 2242 2340 (1474)
2306 2256 2623 2320 creando
2661 2272 2867 2336 prae-

631 2362 906 2427 bendas
935 2363 1437 2445 Magistralem
1473 2370 1545 2429 et
1579 2364 2046 2430 Doctoralem
2082 2384 2212 2448 pro
2244 2364 2589 2428 Ecclesiis
2627 2362 2867 2426 Caste-

629 2472 775 2536 llae
808 2474 880 2536 et
920 2471 1285 2555 Legionis.

808 2578 1145 2662 Gregorii
1207 2579 1343 2645 XV
1409 2577 1842 2645 Constitutio
1936 2579 2314 2665 Supremas
2394 2579 2869 2663 dispositionis

633 2686 858 2767 (1622)
896 2688 1322 2768 permittens
1362 2690 1440 2751 ut
1473 2688 1645 2770 eligi
1680 2693 1926 2770 posset
1954 2689 2346 2751 canonicus
2384 2685 2867 2749 Poenitentia-

629 2795 779 2859 rius
813 2796 1186 2876 oppositor
1222 2796 1344 2878 qui
1381 2789 1685 2877 triginta
1720 2797 1926 2859 annis
1958 2797 2190 2875 major
2228 2799 2444 2875 esset,
2486 2793 2867 2857 dummodo

633 2900 1042 2965 eruditionis
1079 2908 1142 2967 et
1172 2902 1527 2966 doctrinae
1565 2902 1994 2983 aliorumque
2050 2903 2450 2965 meritarum
2496 2906 2869 2983 praestan-

629 3009 729 3073 tia
765 3016 1064 3073 caeteros
1090 3029 1320 3073 omnes
1346 3015 1826 3073 concurrentes
1852 3009 2146 3073 arbitrio
2174 3009 2563 3073 eorumdem
2589 3009 2867 3073 ordina-

629 3117 723 3179 νὴ·
757 3122 817 3180 et
843 3116 1137 3199 capituli
1171 3116 1364 3201 lonqe
1403 3116 1794 3181 antecellat.

805 3220 1207 3303 Alexandri
1240 3221 1375 3287 VII
1410 3222 1621 3286 Bulla
1656 3224 2010 3287 Romanus
2038 3225 2366 3309 Pontifex
2410 3220 2637 3305 (1656)
2663 3239 2869 3303 prae-

631 3329 912 3411 cipiens⁸
927 3328 1120 3412 quod
1142 3329 1219 3392 in
1253 3347 1427 3393 casu
1459 3330 1796 3412 paritatis
1832 3339 2174 3395 votorum
2222 3331 2378 3393 sola
2416 3331 2675 3393 aetatis
2705 3347 2867 3393 con-

631 3436 1073 3500 currentium
1108 3436 1300 3500 ratio
1336 3436 1755 3519 haberetur,
1800 3439 2090 3501 minime
2140 3455 2316 3501 vero
2354 3439 2671 3519 qualitas
2727 3455 2867 3499 ma-

621 3545 802 3625 joris
838 3544 1267 3608 nobilitatis,

806 3650 1213 3716 Innocentii
1238 3651 1415 3715 XIII
1450 3651 1662 3715 Bulla
1696 3651 2012 3715 omnium
2040 3651 2617 3713 celebratissima
2655 3647 2867 3733 Apos-

631 3763 816 3827 tolici
850 3762 1229 3826 Ministerii
1256 3760 1370 3825 die
1408 3762 1489 3825 13
1525 3760 1697 3824 Maii
1734 3759 1904 3823 anni
1944 3757 2114 3821 1723
2186 3757 2553 3839 expedita,
2609 3769 2865 3837 rogan-

628 3869 816 3931 tibus
849 3868 1182 3951 Philippo
1217 3868 1281 3933 V
1309 3872 1381 3933 et
1415 3866 1786 3933 Cardinali
1820 3867 2126 3947 Belluga
2162 3873 2326 3947 post
2361 3867 2643 3947 lapsum
2695 3865 2739 3927 J
2747 3865 2869 3927 ulii

629 3975 999 4040 Alberoni.
1063 3974 1369 4041 Constat
1432 3974 1732 4057 triginta
1794 3973 2178 4055 capitibus,
2240 3989 2543 4055 quorum
2607 3971 2869 4053 viginti

629 4087 908 4165 septem
935 4082 1022 4147 de
1061 4083 1579 4148 reformatione
1607 4086 1878 4163 agunt,
1922 4087 1994 4143 et
2022 4081 2162 4143 tria
2198 4087 2569 4161 postrema
2605 4079 2691 4143 de
2725 4079 2867 4143 for-

629 4209 749 4255 ma
779 4208 906 4254 seu
939 4191 1425 4273 exequutione
1460 4188 1784 4271 ejusdem
1818 4189 2098 4251 Bullae.

807 4296 1196 4364 Clementis
1226 4296 1366 4361 XII
1413 4297 1624 4361 Bulla
1678 4296 1842 4364 Cum
1876 4299 1950 4361 in
2014 4297 2428 4361 eccercitz‘bus
2486 4295 2713 4379 (1736)
2779 4295 2873 4358 ad
