3332 5100
1257 318 1615 382 -231-

334 480 579 548 liarem
617 484 1121 549 collectionem
1181 484 1584 550 confecisse
1648 503 1780 549 suo
1838 484 2074 549 studio
2136 490 2354 568 atque
2414 486 2562 550 dili-

334 594 525 674 genti
561 594 962 656 industriae
989 593 1152 674 jure
1185 592 1669 657 tribuendam.

509 698 755 780 Causa,
815 700 1114 785 Epocha‚
1175 701 1641 780 Monumenta,
1682 699 2042 764 Methodus
2077 702 2151 763 et
2204 701 2560 766 Enerensis).

332 806 695 886 Ejusmodi
731 807 1065 872 collectio
1103 807 1431 871 ordinem
1486 813 1894 888 temporum
1952 825 2258 871 servans
2314 815 2384 870 et
2448 810 2566 870 do-

334 918 663 976 cumenta
695 914 981 996 integra
1015 914 1392 978 continens
1428 912 1626 978 circa
1651 913 1866 978 finem
1923 914 2197 978 saeculi
2250 916 2308 978 V
2374 916 2570 978 edita

331 1020 485 1082 fuit:
527 1019 1190 1102 comprehendebat
1252 1020 1564 1103 primum
1618 1019 1873 1085 eadem
1932 1026 2422 1102 monumenta,
2466 1028 2568 1084 at-

332 1144 465 1208 que
503 1124 749 1190 Codex
809 1126 1420 1191 Chalcedonensis
1476 1132 1733 1191 auctus
1783 1128 1994 1192 novis
2052 1126 2564 1210 additionibus,

331 1236 695 1316 videlicet,
733 1236 861 1298 207
901 1253 1219 1301 canones
1255 1235 1725 1319 depromptos
1764 1254 1854 1300 ex
1884 1234 2222 1302 Conciliis
2252 1238 2570 1300 Nicaeno

330 1340 535 1424 (325),
575 1342 965 1424 Ancyrano
1035 1342 1244 1424 (314),
1311 1341 1932 1407 Neocaesareensi
1990 1343 2150 1427 (314
2206 1346 2326 1406 vel
2384 1344 2568 1426 315),

332 1446 741 1530 Gangrensi
803 1448 1009 1532 (324),
1062 1449 1564 1521 Anthiocheno
1616 1449 1826 1534 (341),
1886 1450 2296 1516 Laodiceno
2356 1452 2567 1534 (360),

332 1554 1142 1638 Constantinopolitano
1179 1557 1391 1640 (381),
1428 1557 1793 1640 Ephesino
1832 1559 2016 1641 (431)
2051 1561 2125 1623 et
2172 1558 2566 1624 Chalcedo-

328 1664 539 1728 nensi
569 1664 777 1744 (451).
2125 1683 2130 1687 ·

509 1770 793 1834 Deinde
841 1772 997 1853 ipse
1038 1770 1536 1837 Theodoretus
1587 1773 1789 1837 hisce
1848 1773 2246 1838 canonibus
2308 1774 2576 1853 adJecit

332 1896 653 1942 canones
691 1879 1203 1960 Apostolorum
1236 1882 1308 1944 et
1364 1898 1684 1945 canones
1744 1881 2033 1946 concilii
2093 1879 2570 1962 sardicensis3

332 2004 499 2048 nam
541 1986 713 2050 licet
747 1988 883 2050 hoc
919 1987 1302 2051 concilium
1350 1987 1425 2052 in
1482 1986 1800 2054 Orientis
1856 1988 2186 2071 partibus
2250 1990 2572 2052 celebra-

330 2096 479 2156 tum
517 2094 611 2156 sit
643 2096 861 2174 paulo
895 2098 1060 2176 post
1095 2093 1495 2159 Nicaenam
1560 2093 1952 2178 Synodum,
2026 2101 2352 2160 attamen
2420 2114 2580 2158 cum

330 2200 787 2282 potissimum
826 2201 914 2264 ab
949 2201 1310 2284 episcopis
1377 2199 1793 2267 Occidentis
1851 2203 2073 2266 fuerit
2140 2204 2574 2282 absolutum,

330 2308 657 2372 habitum
697 2325 982 2388 semper
1010 2307 1145 2371 fuit
1179 2309 1270 2372 ab
1323 2307 1655 2372 Ecclesia
1718 2308 1982 2372 Latina
2047 2310 2412 2388 tamqnam
2482 2310 2580 2388 ip-

332 2416 481 2478 sius
519 2414 823 2478 Nicaeni
855 2414 1142 2479 concilii
1165 2415 1570 2496 appendix,

519 2521 755 2587 Causa
791 2529 863 2587 et
899 2523 1187 2588 occasio
1217 2521 1429 2605 hujus
1499 2521 1950 2588 collectionis
2008 2521 2296 2587 videtur
2362 2525 2584 2587 fuisse

330 2631 649 2711 vulgare
709 2628 899 2711 apud
950 2625 1359 2695 Orientales
1421 2647 1740 2695 canones
1799 2626 2264 2694 Sardicenses
2304 2631 2374 2693 in
2446 2635 2576 2693 tes-

332 2737 715 2801 timonium
755 2736 971 2800 animi
999 2737 1191 2819 grati
1222 2754 1396 2819 erga
1422 2736 1784 2801 Romanos
1819 2727 2204 2801 Pontifices
2236 2745 2304 2799 et
2340 2739 2583 2801 Eccle-

334 2845 523 2907 siam
595 2843 1166 2925 Occidentalem,
1218 2844 1474 2925 quibus
1533 2842 1771 2907 officio
1832 2842 2136 2925 speciali
2202 2845 2586 2907 tenebatur

334 2951 743 3035 Episcopus
785 2949 1244 3031 Cyrenensis,
1290 2950 1616 3015 Vexatus
1652 2949 1727 3015 in
1780 2949 2069 3033 Synodo
2124 2949 2490 3033 Ephesina
2518 2951 2586 3013 Π

338 3081 380 3123 a
418 3061 775 3123 Dioscoro
813 3045 1334 3141 Alexandrina,
1374 3076 1648 3142 suaque
1681 3057 1855 3123 sede*
1901 3045 1992 3123 ab
2026 3059 2184 3142 ipso
2240 3061 2584 3141 dejectuS,

338 3167 839 3231 Theodoretus
873 3166 1226 3231 invocans
1274 3183 1591 3230 canones
1627 3165 2096 3231 sardicenses
2156 3169 2276 3249 qui
2338 3169 2587 3229 admit-

336 3275 597 3337 tebant
661 3273 753 3337 ad
819 3275 1215 3337 Romanum
1247 3273 1672 3338 Pontificem
1736 3275 2292 3356 appellationes,
2388 3295 2588 3337 suam

340 3399 647 3445 causam
685 3381 773 3443 ad
809 3381 1124 3445 Leonem
1180 3380 1603 3470 Pontificem
1640 3381 1919 3463 detulit3
1985 3400 2288 3465 cumque
2356 3383 2444 3445 ab
2504 3401 2586 3445 eo

340 3489 601 3553 fuisset
637 3495 707 3553 et
741 3489 815 3551 in
845 3488 1417 3552 communionem
1454 3492 1792 3570 receptus
1821 3491 1892 3552 et
1948 3487 2024 3552 in
2084 3489 2326 3551 sedem
2388 3489 2590 3551 resti-

341 3599 541 3659 tutus
581 3601 653 3659 et
683 3597 967 3659 demum
1001 3592 1363 3678 imperiali
1399 3595 1692 3660 decreto
1731 3598 1804 3659 et
1855 3596 2370 3660 irreformabili
2414 3595 2592 3657 Con*

346 3703 498 3765 cilii
533 3701 1142 3768 Chalcedonensis
1171 3703 1443 3784 judicio
1479 3704 1553 3767 in
1609 3702 1907 3785 proprio
1974 3720 2270 3765 munere
2330 3707 2398 3763 ct
2464 3701 2584 3765 ho-

344 3827 527 3873 nore
579 3811 1067 3892 confirmatuS,
1129 3826 1544 3892 propagare
1603 3805 1846 3875 voluit
1894 3823 2118 3891 penes
2186 3807 2592 3873 Orientales

347 3934 667 3979 canones
705 3917 1194 3998 SardicenseS,
1234 3923 1336 3998 ut,
1377 3916 1482 3980 ita
1516 3916 1883 3999 publicum
1937 3915 2400 3998 gratitudinis
2456 3921 2591 3979 tes-

346 4023 725 4087 timonium
773 4023 1161 4105 praeberet
1219 4025 1308 4088 ob
1365 4026 1646 4088 tantum
1701 4023 2131 4088 beneficium
2184 4029 2586 4105 acceptum.

532 4130 641 4195 De
675 4131 929 4195 valore
964 4133 1038 4195 et
1070 4131 1147 4196 vi
1181 4130 1406 4213 legali
1467 4130 1681 4213 hujus
1736 4136 2290 4213 ceterarumque
2334 4133 2592 4195 collec-

352 4237 627 4303 tionum
671 4255 1100 4319 graecarum
1135 4238 1477 4322 deinceps
1514 4240 1875 4305 communi
1894 4239 2164 4322 judicio
2196 4241 2596 4321 loquemur.
