3332 5100
1330 336 1641 394 ...51-

354 481 564 562 flceS,
596 477 954 562 quamvis,
992 482 1748 575 propter-temporum
1805 480 2295 545 conditionem
2340 484 2415 546 et
2462 481 2601 546 fre·

358 594 668 654 cuentes
697 603 857 650 cum
886 590 1248 668 potestate
1276 589 1640 652 saeculari
1668 588 2042 652 conflictus
2069 589 2604 654 imminutiones

357 702 490 760 aut
521 693 994 759 limitationes
1029 694 1226 774 passi
1259 694 1556 774 fuerint,
1587 712 1874 776 semper
1897 694 2070 760 forti
2097 696 2606 778 constantique

358 804 607 869 animo
644 801 1147 865 ecclesiastica
1182 802 1571 884 privilegia
1609 805 2187 884 propugnarunt,
2258 806 2331 865 et
2374 802 2603 866 nulla-

356 916 576 977 tenus
612 911 936 974 tulerunt
970 916 1041 974 et
1071 927 1463 993 numquam
1496 911 1735 974 sinent
1767 926 2002 991 neque
2040 909 2450 972 consentire
2481 927 2602 991 po-

355 1022 612 1084 terunt
636 1018 765 1082 illa
801 1017 1089 1100 penitus
1118 1018 1485 1100 abrogari,
1519 1017 1891 1099 denegari,
1916 1016 2038 1081 vel
2066 1016 2355 1096 violari,
2388 1018 2606 1080 etiam

359 1126 507 1190 hac
564 1124 1007 1206 nequissima
1063 1129 1308 1189 aetate
1362 1124 1929 1206 irreligiositatis
1994 1128 2067 1187 et
2117 1123 2607 1206 aggressionis

356 1232 788 1314 Principum
859 1236 931 1295 et
998 1229 1528 1296 Guberniorum
1621 1230 1974 1296 adversus
2038 1230 2413 1295 Ecclesiae
2478 1229 2604 1295 Oa·

358 1341 687 1405 tholicae
715 1340 884 1421 jura
922 1343 993 1403 et
1026 1339 1494 1421 Apostolicae
1529 1338 1733 1404 Sedis
1769 1339 2305 1403 auctoritatem.

544 1446 938 1512 Enimvero
969 1446 1396 1510 Immunitas
1431 1445 1934 1510 ecclesiastica
1996 1464 2166 1529 pars
2231 1444 2610 1528 potissima

360 1557 476 1618 est
510 1554 705 1619 illius
771 1554 1182 1618 essentialis
1247 1554 1633 1636 libertatiS,
1702 1575 1925 1638 quam,
1963 1558 2042 1617 ut
2089 1554 2295 1635 ajunt
2355 1553 2608 1617 Patres

359 1661 779 1744 Ephesinae
815 1661 1110 1743 Synodi,
1150 1663 1343 1727 nobis
1388 1663 1674 1728 donavit
1726 1664 2060 1748 sanquine
2109 1683 2231 1728 suo
2267 1664 2610 1727 Dominus

361 1776 595 1835 noster
628 1768 833 1834 Jesus
870 1767 1183 1834 Christus
1217 1772 1519 1835 omnium
1549 1770 1898 1837 homiuum
1929 1771 2261 1836 liberator
2295 1771 2416 1851 (1);
2474 1769 2609 1833 Im-

362 1876 686 1942 munitas
720 1877 1250 1958 ecclesiastica,
1289 1882 1506 1960 prout
1538 1877 1781 1941 subdit
1836 1877 2261 1960 praeclarus
2319 1876 2389 1942 S.
2429 1877 2610 1941 Tho·
2670 1943 2675 1946 ,
2740 1887 2750 1893 ‘

364 2002 522 2048 mas
561 1982 1137 2063 CantuarienSiS,
1178 1988 1290 2047 est
1324 1985 1551 2050 veluti
1587 1986 1827 2050 anima
1888 1985 2260 2069 Ecclesiae,
2296 1987 2443 2051 sine
2480 2007 2614 2070 qua

363 2113 485 2159 nec
510 2094 691 2179 viget
722 2093 870 2158 Illa
896 2113 1016 2158 uec
1040 2094 1225 2157 valet
1257 2094 1625 2159 adversum
1656 2115 1769 2159 eos
1796 2096 1912 2177 qui
1939 2103 2276 2178 quaerunt
2301 2095 2612 2160 haeredi-

366 2209 503 2267 tate
537 2202 1018 2266 sanctuarium
1050 2202 1187 2265 Dei
1210 2202 1570 2284 possidere
1611 2201 1732 2285 (2);
1772 2201 2196 2265 Immunitas
2235 2202 2610 2266 eccle-sias-

365 2311 514 2374 tica
552 2312 663 2373 est
697 2314 1042 2390 tamquan
1081 2309 1340 2389 pignus
1378 2314 1449 2371 et
1515 2309 1926 2372 firmissima
1963 2310 2191 2373 tutela
2231 2327 2614 2391 supremae

366 2416 695 2499 Sponsae
732 2413 995 2479 Christi
1030 2415 1670 2496 independentiae,
1701 2416 1889 2479 sicut
1953 2416 2216 2478 asserit
2280 2425 2614 2480 strenuus

366 2523 773 2607 Episcopus
802 2519 1213 2587 Grofhredus
1249 2521 1337 2586 de
1365 2521 1770 2586 Vandoma:
1805 2523 2077 2607 quando
2111 2544 2269 2589 vero
2300 2523 2615 2589 Ecclesia

367 2632 719 2697 saeculari
734 2631 1071 2714 potestati
1093 2631 1482 2717 subjicitur,
1514 2652 1685 2713 quae
1712 2626 1870 2695 aute
1898 2632 2204 2695 Domina
2231 2639 2398 2713 erat,
2429 2632 2614 2695 anci-

366 2742 464 2807 lla
494 2740 814 2827 efficitur,
850 2746 913 2803 et
939 2759 1144 2821 quam
1172 2737 1488 2804 Christus
1511 2739 1858 2802 Dominus
1884 2738 2175 2802 dictavit
2196 2740 2271 2802 iu
2299 2737 2528 2816 Cruce,
2556 2746 2619 2803 et

369 2850 570 2935 quasi
594 2848 916 2931 propriis
951 2848 1263 2911 manibus
1300 2847 1381 2910 de
1431 2848 1765 2931 sanquine
1813 2867 1935 2910 suo
1967 2847 2269 2929 scripsit,
2308 2846 2618 2911 chartam

366 2956 714 3023 libertatis
747 2956 1005 3025 amittit
1032 2955 1150 3035 (3);
1190 2954 1499 3037 denique
1527 2954 1952 3018 Immunitas
1981 2954 2483 3017 ecclesiastica
2509 2956 2620 3017 est

368 3064 844 3150 praecipuum
874 3069 948 3126 et
974 3061 1483 3126 solidissimum
1516 3061 2014 3126 fulcimentum
2044 3061 2618 3144 fidei,religionis

368 3176 438 3237 et
467 3170 956 3248 auctoritatis,
988 3170 1090 3233 uti
1119 3170 1309 3233 enim
1340 3170 1673 3252 apposite
1699 3169 2161 3251 prosequitur
2211 3168 2619 3251 Ernolphus

367 3278 815 3363 percelebris
879 3278 1284 3359 Episcopus
1353 3276 1955 3359 LexovienensiS,
2025 3278 2284 3359 quoties
2315 3278 2620 3343 libertati

367 3388 777 3467 detrahitur,
847 3394 1115 3451 constat
1163 3387 1324 3471 fidei
1377 3387 1827 3451 nihilominus
1887 3386 2233 3470 deroqari:
2299 3389 2624 3470 quoniam

366 3503 608 3561 mutua
638 3495 772 3559 sibi
804 3494 1096 3558 invicem
1127 3495 1395 3558 ratione
1433 3514 1778 3559 connect-ae
1815 3494 2052 3558 eadem
2086 3514 2352 3577 semper
2388 3501 2450 3559 et
2483 3495 2619 3558 dis-

358 3604 627 3688 pendia
657 3603 960 3667 sentiunt
986 3608 1049 3665 et
1089 3608 1470 3685 proventus
1498 3601 1619 3682 (4).

546 3710 658 3774 53.
757 3708 984 3772 Adest
1016 3708 1237 3771 etiam
1269 3709 1343 3771 in
1378 3707 1765 3789 disciplina
1794 3710 2106 3771 externa
2153 3710 2446 3790 praeter
2480 3708 2621 3772 ele-

370 3822 691 3882 mentum
722 3814 1270 3880 fundamentale
1307 3814 1503 3879 aliud
1531 3815 1765 3879 minus
1802 3815 2216 3897 principale
2260 3815 2450 3897 quod
2474 3832 2618 3897 reS,

513 4067 591 4135 (1)
667 4065 786 4120 Act.
823 4066 944 4119 VH.

513 4139 591 4205 (2)
667 4135 850 4204 Epist.
880 4136 979 4190 127
1007 4135 1081 4190 ad
1108 4135 1331 4191 Clerum
1347 4136 1511 4206 Artyl.

513 4212 587 4275 (3)
666 4205 858 4275 Opusc.
887 4208 982 4272 VI,
1008 4206 1134 4261 edit.
1158 4207 1427 4263 Sirmoud.

516 4280 593 4349 (4)
665 4278 790 4334 Lib.
815 4280 860 4349 I,
885 4279 1037 4349 epist.
1064 4281 1134 4332 85
1160 4280 1305 4334 inter
1328 4280 1483 4349 epist.
1514 4278 1577 4334 S.
1610 4276 1794 4333 Thom.
1827 4276 1984 4334 Cant.
