3332 5100
1660 352 2013 413 -168-

722 501 823 569 zia
873 500 1178 568 locorum
1228 519 1364 585 per
1406 520 1621 566 novas
1682 497 2209 566 Constitutiones
2265 521 2399 565 non
2461 499 2630 583 tolli,
2680 499 2820 565 nisi
2882 497 2959 563 id

722 611 985 695 apertis
1012 608 1235 673 verbis
1266 608 1702 691 emprimatur
1738 607 1858 687 (l).

900 714 1244 781 Formula
1276 714 1399 778 vel
1429 713 1758 777 clausula
1792 715 2157 795 generalis
2211 715 2369 779 Non
2431 717 2736 779 obstante
2798 735 2956 797 qua-

723 845 1002 909 cumque
1027 822 1511 889 consuetudine
1540 822 1617 886 in
1649 825 2077 887 contrarium
2133 823 2443 903 abrogat
2503 823 2956 887 consuetudi-

722 949 887 997 nem
950 931 1468 1014 particularem
1534 946 1681 992 non
1740 928 2307 1011 privilegiatam,
2345 931 2417 993 id
2467 935 2601 1011 est,
2644 931 2960 993 nondum

723 1039 1409 1124 quadragenariam
1459 1035 1904 1102 consuetudo
1941 1043 2181 1101 autem
2215 1039 2680 1119 particularis
2740 1039 2956 1119 privi-

722 1146 1023 1228 legiata,
1056 1125 1491 1228 praesertim
1524 1145 2069 1227 immemorialis‚
2127 1145 2461 1209 aboletur
2517 1149 2796 1209 tantum
2832 1163 2962 1227 per

724 1253 1116 1335 specialem
1146 1251 1609 1316 mentionem:
1660 1254 1821 1317 Non
1859 1253 2161 1317 obstante
2213 1273 2632 1337 quac-umque
2688 1273 2960 1317 consue-

726 1361 983 1442 tudine,
1019 1361 1228 1424 etiam
1252 1361 1770 1440 immemc›riali‚·
1829 1364 1902 1424 et
1965 1361 2149 1425 ratio
2209 1367 2341 1443 est,
2409 1361 2579 1443 quia
2638 1361 2962 1441 possesio

724 1467 944 1533 valde
986 1467 1352 1549 diuturna,
1382 1468 1644 1549 nempe
1671 1468 1931 1532 saltem
1981 1469 2591 1549 quadragenaria,
2654 1469 2966 1531 habetur

722 1575 797 1640 in
822 1575 987 1657 Jure
1019 1575 1250 1639 veluti
1283 1576 1559 1656 titulae,
1599 1594 1738 1658 quo
1766 1576 2021 1640 melior
2049 1577 2357 1659 allegari
2392 1577 2666 1659 nequit.

905 1682 1011 1746 3.⁰
1104 1682 1242 1748 Per
1311 1684 1868 1748 consuetudinem
1949 1687 2427 1767 posteriorem:
2517 1683 2966 1747 consuetudo

727 1788 920 1853 enim
957 1790 1343 1870 posterior,
1382 1790 1442 1853 si
1475 1807 1730 1854 veram
1749 1790 1947 1876 juris
2013 1791 2670 1853 denominationem
2736 1808 2966 1853 mere-

726 1900 871 1978 tur,
910 1913 997 1959 eo
1025 1896 1219 1978 quod
1247 1898 1343 1959 sit
1373 1897 1818 1962 rationabilis
1851 1905 1923 1961 et
1955 1897 2275 1979 legitime
2321 1899 2796 1981 praescripta,
2834 1917 2962 1959 va-

723 2004 884 2068 lore
918 2004 1141 2086 legali
1181 2005 1680 2070 indubitanter
1714 2006 1965 2087 pollet,
2002 2025 2089 2069 ao
2149 2007 2449 2087 proinde
2511 2005 2968 2069 consuetudi-

725 2128 891 2175 nem
927 2112 1369 2176 anteriorem
1411 2113 1709 2177 abolere
1744 2119 2005 2196 potest.
2045 2113 2185 2177 Sed
2221 2115 2307 2177 de
2345 2119 2672 2195 tempore
2702 2113 2792 2177 ad
2842 2115 2969 2177 ab-

727 2219 1134 2301 rogandum
1168 2220 1594 2302 requisitum
1622 2221 1760 2285 hoe
1785 2220 2073 2287 videtur
2131 2221 2616 2283 statuendum:
2650 2221 2742 2285 'si
2798 2239 2966 2283 oon-

725 2326 1034 2391 suetudo
1071 2324 1395 2391 anterior
1433 2331 1627 2391 esset
1645 2336 1935 2412 praeter
1967 2329 2087 2391 vel
2121 2329 2660 2415 secundumjus,
2728 2333 2970 2409 poste-

726 2434 877 2498 rior
910 2451 1070 2498 eam
1107 2452 1252 2499 non
1288 2434 1676 2517 abrogabit
1733 2435 1871 2499 nisi
1919 2439 2083 2518 post
2147 2435 2599 2517 decennium3
2664 2437 2722 2499 si
2786 2453 2970 2499 vero

728 2542 1052 2608 anterior
1084 2540 1306 2606 fuerit
1330 2542 1732 2627 contrajuS,
1765 2544 2125 2625 posterior
2145 2546 2315 2606 ante
2349 2542 2774 2606 decennium
2804 2562 2972 2606 eam

724 2652 1022 2717 abolere
1057 2650 1349 2732 poterit,
1390 2651 1559 2732 quia
1592 2652 2070 2732 supponenda
2119 2654 2229 2714 est
2265 2652 2605 2716 voluntas
2672 2652 2967 2732 legisla-

724 2759 905 2822 toris
939 2758 1267 2824 eamdem
1299 2760 1729 2843 abrogandi,
1768 2762 2095 2826 maxime·
2121 2762 2407 2842 quando
2447 2762 2808 2844 posterior
2847 2780 2974 2844 ge—

727 2866 1000 2931 neralis
1034 2867 1369 2932 efficitur.

871 4281 947 4349 (1)
1022 4279 1159 4347 Cap.
1185 4280 1213 4332 1
1237 4279 1301 4332 de
1325 4278 1548 4334 Cenabit.
1576 4280 1635 4334 in
1659 4279 1850 4335 Sexto,
