3332 5100
1264 349 1621 409 -167-

321 509 481 559 men
510 512 792 579 poenae
825 495 1205 577 derogare,
1269 496 1442 578 quin
1507 497 1723 579 culpa
1783 495 2085 561 tollatur
2153 495 2273 563 vel
2337 497 2562 563 immi-

320 605 605 667 nuatur.

494 710 644 775 144.
744 706 1120 775 Consuedo
1148 710 1545 791 abrogatur
1605 729 1737 793 per
1795 711 2031 791 legem
2089 713 2560 793 anteriorem,

318 833 447 899 per
514 816 993 900 posteriorem
1059 820 1131 882 et
1189 834 1320 906 per
1382 817 1977 883 consuetudinem
2041 821 2259 883 etiam
2325 825 2562 903 poste-

317 924 611 991 riorem.
670 930 678 936 '

498 1031 601 1098 1.ο
690 1034 829 1098 Per
881 1034 1093 1117 leyem
1142 1033 1579 1099 anteriorem:
1645 1033 1829 1097 haec
1887 1033 2221 1123 loquutio
2269 1035 2564 1101 videtur

319 1140 971 1205 contradictionem
1025 1140 1405 1222 implicare
1436 1140 1513 1205 in
1551 1141 1907 1221 terminis,
1949 1141 2117 1223 quia
2179 1141 2386 1205 nulla
2444 1143 2568 1207 lex

319 1246 681 1329 abrogare
745 1248 985 1328 potest
1046 1247 1335 1328 praxim
1397 1247 1715 1311 nondum
1775 1247 2171 1327 inductam,
2227 1251 2353 1311 aut
2416 1247 2568 1312 vim

319 1352 578 1417 tollere
605 1353 727 1419 vel
757 1353 1184 1436 praerIpere
1217 1354 1441 1436 facto,
1474 1353 1667 1437 quod
1691 1355 1765 1417 in
1817 1353 2069 1418 ordine
2097 1373 2343 1419 rerum
2382 1357 2566 1419 exis—

318 1462 626 1527 tentiam
658 1462 853 1526 haud
887 1462 1131 1543 habet3
1191 1462 1485 1527 obstare
1555 1467 1799 1525 tamen
1861 1463 2129 1545 poterit
2187 1465 2568 1545 quominus

320 1569 764 1633 consuetudo
792 1569 1218 1634 efformetur
1246 1573 1465 1652 atque
1497 1571 1571 1633 in
1599 1571 1717 1651 jus
1737 1569 2117 1651 deveniat3
2145 1578 2215 1633 et
2249 1573 2353 1633 ita
2382 1571 2568 1635 acci-

321 1674 445 1757 dit,
514 1692 677 1739 cum
741 1677 1109 1758 objectum
1178 1677 1749 1759 consuetudinis,
1815 1679 2103 1759 nempe,
2173 1683 2404 1759 actus,
2478 1697 2570 1743 ex

322 1800 626 1866 quorum
657 1783 1065 1849 frecuentia
1094 1801 1331 1849 mores
1384 1789 1811 1867 exsurgunt,
1855 1785 2275 1867 specialiter
2321 1803 2568 1867 repro-

318 1890 611 1973 bantur,
649 1892 917 1956 namin
943 1891 1079 1957 hoc
1137 1909 1312 1957 casu
1357 1892 1597 1955 nullus
1635 1911 1951 1975 unquam
2011 1911 2177 1956 usus
2237 1893 2568 1975 vigorem

318 1998 633 2084 legalem
658 2016 788 2062 seu
811 1999 963 2063 vim
979 1997 1367 2080 Juridicam
1402 2005 1855 2081 assequetur;
1911 2001 1985 2063 in
2037 2001 2347 2063 caeteris
2390 2019 2568 2065 vero

319 2105 634 2187 casibus,
673 2123 803 2188 pro
862 2106 1117 2189 quibus
1177 2105 1519 2187 specialis
1585 2107 2005 2187 reprobatio
2067 2107 2141 2169 in
2195 2107 2361 2187 jure
2424 2125 2570 2171 non

320 2213 757 2291 continetur,
796 2219 1075 2284 certum
1108 2218 1219 2278 est
1274 2215 1873 2279 consuetudinem
1921 2233 2209 2297 semper
2251 2233 2560 2295 praeva-

319 2319 496 2403 lere,
536 2321 753 2385 unica
807 2322 1242 2404 exceptione
1299 2321 1538 2405 quoad
1593 2323 1793 2403 leges
1845 2317 2279 2385 tridentinae
2339 2323 2566 2405 facta,

321 2428 591 2493 etenim
623 2428 790 2492 Pius
823 2428 925 2493 IV
959 2428 1215 2493 statuit
1238 2428 1537 2493 decreta
1565 2429 1685 2509 huj
1699 2449 1777 2493 us
1797 2435 2315 2493 sacrosanctae
2343 2427 2566 2509 Syno-

322 2532 393 2599 di
423 2533 752 2600 valitura
784 2553 944 2600 esse
993 2538 1254 2600 contra
1285 2536 1871 2618 consuetudines,
1943 2552 2129 2618 quae
2197 2536 2271 2598 in
2329 2538 2574 2616 poste-

320 2658 479 2733 rum
504 2641 1059 2721 inducerentur;⁴
1083 2641 1458 2706 sedetiam
1523 2642 1875 2722 ejusmodi
1933 2642 2271 2722 exceptio
2333 2641 2574 2706 valori

323 2749 864 2815 consuetudinis
929 2749 1301 2814 contraria
1364 2767 1705 2814 successu
1763 2750 2109 2830 temporis
2167 2748 2564 2830 aliquando

324 2857 602 2923 abolita
634 2857 755 2922 vel
790 2859 1199 2940 temperata
1234 2859 1368 2937 est,
1408 2856 1765 2938 siquidem
1797 2856 1871 2920 in
1939 2856 2267 2938 plurimis
2333 2856 2572 2936 regio-

322 2966 536 3030 nibus
570 2964 843 3047 absque
900 2981 1259 3028 concursu
1310 2966 1615 3046 praevio
1677 2964 2147 3028 conferuntur
2211 2962 2570 3026 beneficia

324 3076 607 3153 curata,
644 3075 717 3135 et
747 3071 906 3154 ipse
962 3071 1129 3138 Pius
1164 3071 1302 3137 VII
1359 3072 1589 3154 (1803)
1625 3074 1831 3136 firma
1867 3072 2275 3136 declaravit
2329 3070 2572 3134 matri-

304 3164 571 3246 monia
596 3169 1054 3244 clandestina
1109 3179 1185 3242 in
1246 3178 1427 3244 locis
1485 3178 1951 3262 Germaniae,
2013 3180 2135 3244 ubi
2201 3180 2574 3243 decretum

325 3286 851 3367 Tridentinum,
896 3289 1273 3368 receptum
1326 3289 1400 3350 et
1464 3286 1959 3368 observatum,
1997 3289 2255 3368 postea
2319 3286 2394 3350 in
2456 3286 2574 3350 de-

328 3393 781 3459 suetudinem
807 3392 1228 3458 transierat.

504 3497 609 3565 2.⁰
721 3501 858 3566 Per
919 3501 1130 3586 Zeqem
1178 3501 1661 3585 posteriore-m:
1731 3522 1901 3566 nam
1967 3500 2572 3584 quemadmodum

330 3607 775 3674 consuetudo
812 3624 1169 3672 consensu
1202 3608 1643 3690 legislatoris
1679 3610 1829 3672 vim
1869 3610 2169 3690 obtinet,
2209 3610 2313 3672 ita
2351 3608 2574 3672 etiam

330 3733 462 3798 per
497 3733 927 3780 consensum
961 3716 1408 3779 contrarium
1441 3716 1783 3780 revocari
1837 3720 2101 3798 potest3
2169 3716 2293 3778 lex
2353 3716 2574 3796 igitur

334 3824 697 3904 generalis
763 3823 1360 3895 consuetudinem
1433 3824 1925 3888 universalem
1995 3824 2327 3904 abrogat,
2404 3822 2574 3886 alio-

334 3930 507 4012 quin
540 3934 827 3995 careret
860 3931 1130 3995 effectu
1182 3931 1380 3995 certe
1436 3930 1741 4010 intent03
1813 3930 2335 4012 particularem
2396 3948 2574 3994 vero

334 4054 741 4120 numquam·
759 4038 1091 4120 abrogat,
1129 4036 1270 4102 nisi
1298 4037 1374 4100 id
1399 4038 1877 4118 exprimatur,
1919 4038 2089 4118 quia
2143 4038 2576 4118 supponitur

336 4143 831 4227 legislatorem
860 4161 1019 4208 eam
1067 4144 1435 4227 ignorare:
1497 4146 1603 4208 sic
1665 4144 1919 4226 aperte
1985 4142 2313 4208 decernit
2367 4142 2578 4206 Boni-

338 4249 569 4316 facius
605 4250 805 4316 VIII:
836 4251 1171 4337 speciales
1202 4252 1723 4317 consuetudines
1757 4258 1821 4316 et
1883 4258 2145 4316 statuta
2201 4250 2580 4316 rationabi-
