3332 5100
1713 337 2078 398 ...284—

948 483 1102 550 255.
1201 483 1337 549 Tot
1369 483 1741 549 erroribus
1774 482 2144 566 tantisque
2180 480 2460 546 mendis
2496 482 2590 566 (1)
2657 482 2731 546 in
2799 500 3023 564 opere

779 585 1112 657 Gratiani
1146 591 1560 673 compertis,
1591 591 1679 655 de
1711 592 2164 656 correctione
2200 590 2496 654 Decreti
2530 590 2719 652 serio
2781 594 3027 654 actum

777 703 906 780 est,
947 703 1018 763 et
1053 698 1323 780 duplex
1357 697 1766 762 emendatio
1822 700 2092 763 tentari
2128 698 2392 778 coepit,
2452 698 2773 778 privata,
2829 716 3025 760 nem-

775 808 891 888 pe,
921 810 995 870 et
1026 805 1342 888 publica:
1383 804 1455 868 in
1492 805 1744 887 primis
1780 805 1971 869 enim
2004 806 2146 870 viri
2198 806 2390 872 docti
2426 806 2518 868 ad
2578 804 3027 886 detegendos

779 912 1112 978 Gratiani
1174 929 1461 976 errores
1519 916 1591 975 et
1652 913 2042 978 veritatem
2106 918 2733 976 monumentorum
2797 912 3029 992 inqui-

775 1019 1077 1086 rendam
1111 1018 1429 1083 animum
1465 1018 1920 1101 adjecerunt3
1958 1038 2180 1102 supra
2216 1020 2671 1084 meminimus
2728 1018 3031 1082 Antonii

775 1126 1309 1194 Desmochares
1345 1131 1566 1208 atque
1599 1125 1897 1190 Antonii
1931 1125 2190 1208 Contii,
2230 1128 2376 1208 qui,
2446 1132 2743 1208 praeter
2811 1144 3030 1188 cano-

775 1253 945 1300 num
978 1233 1581 1310 numerationem,
1620 1232 1885 1298 multas
1921 1242 2130 1298 notas
2166 1234 2536 1314 addidere,
2580 1234 2839 1314 quibus
2893 1232 3031 1294 fal-

777 1360 903 1406 sae
935 1339 1450 1422 inscriptiones
1480 1358 1524 1402 a
1562 1340 1781 1422 veris,
1816 1345 1889 1404 et
1922 1342 2212 1406 sincera
2238 1344 2711 1406 monumenta
2739 1340 2829 1402 ab
2859 1358 3031 1420 apo-

779 1449 1073 1532 cryphis
1107 1451 1697 1511 secernerentur.

951 1554 1096 1620 Sed
1131 1571 1293 1618 cum
1332 1552 1687 1634 ejusmodi
1721 1553 2092 1636 negotium
2144 1554 2534 1618 maximam
2572 1552 3035 1634 diligentiam

779 1678 1273 1744 summamque
1308 1659 1770 1743 prudentiam
1796 1662 2266 1742 exposcebat,
2300 1680 2468 1724 nam
2504 1678 2595 1724 ex
2624 1678 2769 1722 una
2817 1664 3035 1740 parte

779 1787 1209 1854 progressus
1234 1767 1532 1849 juridici
1564 1769 1941 1850 postulare
2000 1768 2440 1834 videbantur
2488 1772 2564 1830 ut
2614 1766 2849 1830 codex
2911 1766 3035 1828 hic

781 1877 1320 1959 emendaretur,
1362 1894 1453 1940 ne
1486 1876 1561 1940 in
1595 1881 1802 1940 tanta
1860 1876 2212 1940 scientiae
2270 1876 2671 1942 canonicae
2729 1876 2891 1936 luce
2951 1874 3033 1936 li-

779 1987 953 2050 bere
1010 1989 1510 2067 pervagarent
1574 1985 2008 2049 documenta
2070 1986 2522 2066 apocrypha,
2583 1982 3037 2064 interpolata

787 2094 908 2160 vel
941 2093 1427 2175 supposititia3
1466 2109 1557 2156 ex
1592 2093 1740 2155 alia
1790 2109 1967 2157 vero
2020 2094 2288 2174 duplex
2326 2092 2727 2174 periculum
2763 2108 3035 2152 caven-

785 2200 951 2264 dum
1006 2201 1193 2279 erat,
1229 2213 1322 2260 ne
1375 2213 1558 2262 vera
1615 2204 2080 2261 monumenta
2114 2198 2592 2278 rejicerentur
2657 2201 3037 2276 tamquam

785 2305 1160 2386 ementita,
1225 2303 1347 2368 vel
1409 2304 1963 2368 subverteretur
2042 2304 2430 2386 disciplina
2520 2306 3039 2368 ecclesiastica

779 2414 978 2478 hisce
1010 2412 1292 2494 legibus
1340 2411 1755 2475 introducta
1811 2416 1938 2474 aut
1996 2412 2446 2494 confirmata3
2520 2412 2631 2476 his
2699 2412 3039 2476 omnibus

781 2521 919 2586 rite
954 2529 1026 2585 et
1088 2519 1372 2584 mature
1429 2519 1836 2602 perpensis,
1910 2518 2216 2583 Romani
2258 2520 2643 2583 Pontifices
2699 2520 2867 2583 Pius
2903 2518 3035 2601 IV,

781 2630 947 2694 Pius
981 2628 1042 2693 V
1079 2634 1298 2710 atque
1334 2626 1730 2710 Gregorius
1766 2626 1945 2691 XIII
1985 2646 2136 2691 rem
2200 2635 2426 2691 totam
2496 2629 3039 2711 sapientissime

785 2737 877 2801 ad
931 2753 1010 2800 se
1044 2736 1502 2801 advocarunt
1536 2753 1624 2799 ac
1659 2753 1930 2801 novam
1965 2741 2037 2799 et
2102 2737 2649 2817 castigatiorem
2697 2733 3041 2799 Gratiani

785 2844 1364 2909 emendationem
1400 2845 1730 2926 aggressi
1764 2849 1955 2927 sunt,
2022 2863 2178 2909 eam
2230 2847 2691 2927 provinciam
2731 2863 3037 2925 congre-

785 2954 1059 3035 gationi
1093 2966 1187 3016 ex
1238 2952 1528 3017 selectis
1569 2944 2006 3034 'quibusdam
2072 2953 2250 3017 viris
2310 2953 2783 3035 jurisperitiS,
2847 2969 3037 3033 quos

791 3059 1217 3127 Correotores
1250 3062 1595 3126 Romanos
1628 3064 1924 3140 vocant,
1956 3063 2428 3143 compositae,
2488 3059 3033 3123 demandandO.

961 3168 1117 3250 Age
1144 3168 1299 3250 jam
1334 3166 1802 3232 Correctores
1859 3166 2186 3251 Romani,
2228 3171 2655 3251 conquisitis
2711 3167 3039 3249 undique

785 3276 1195 3358 praesidiiS,
1239 3274 1601 3357 permulta
1631 3274 1707 3338 in
1766 3292 2126 3341 canonum
2178 3277 2801 3357 inscriptionibuS,
2843 3279 2919 3337 et
2957 3275 3035 3337 in

787 3387 1016 3464 textu,
1056 3387 1127 3445 et
1159 3381 1233 3444 in
1261 3380 1523 3462 glossis
1558 3380 2062 3465 emendarunt,
2118 3387 2190 3445 et
2244 3383 2538 3445 tandem
2590 3383 2719 3445 sub
2757 3379 3039 3461 Grego-

789 3488 893 3552 rio
927 3487 1130 3570 XIII,
1169 3489 1315 3572 qui,
1354 3506 1517 3553 cum
1549 3489 1624 3553 in
1659 3484 2052 3555 minoribus
2110 3495 2324 3573 esset,
2382 3491 2594 3571 hujus
2633 3507 3035 3571 congrega-

679 3583 681 3585 ’
787 3596 1002 3660 tionis
1037 3598 1435 3661 membrum
1466 3597 1730 3679 fuerat,
1770 3615 1950 3680 opus
1982 3599 2444 3662 emendatum
2472 3599 2851 3679 vulgatum
2891 3601 3033 3659 est.

787 3705 952 3787 Ipse
982 3702 1377 3800 Gregorius
1410 3703 1610 3788 XIII,
1644 3702 2172 3771 Constitutione
2206 3705 2370 3773 Cum
2390 3727 2530 3791 pro
2560 3725 2835 3769 munere
2855 3725 3033 3789 pas-

929 3980 1006 4046 (1)
1080 3979 1164 4033 De
1205 3978 1429 4032 mendis
1472 3977 1734 4031 Gratiani
1778 3980 1998 4033 consuli
2048 3983 2290 4047 possunt
2336 3979 2618 4031 Antonius
2667 3979 3031 4043 Augustinus

793 4049 880 4103 De
905 4046 1300 4105 Emendatione
1351 4048 1632 4113 Gratiani,
1676 4050 1799 4103 Lib.
1832 4052 1961 4114 duo;
1996 4057 2052 4103 et
2094 4051 2326 4105 Carolus
2374 4051 2747 4103 Sebastianus
2797 4049 3033 4101 Berardi

793 4123 851 4173 in
877 4124 1371 4188 praestantissimo
1398 4138 1569 4189 opere
1597 4122 1707 4175 sub
1732 4125 1913 4177 titulo:
1948 4119 2214 4175 Gratiani
2242 4121 2484 4175 Canon-es
2504 4119 2731 4189 yenuini
2781 4119 2851 4173 ab
2899 4135 3029 4185 apo-

791 4192 1005 4320 m}
1029 4192 2086 4333 mamefflffimffim
2136 4193 2384 4247 ΟΜΝ
2422 4193 2590 4261 flam
2634 4193 2829 4259 ‘ma’
2883 4189 3035 4259 ‘W'
