3332 5100
1698 349 2053 408 —298--

740 513 833 560 ne
886 512 1026 578 quo
1081 493 1294 560 hodie
1349 497 1483 576 est,
1545 493 1735 558 unde
1796 494 2025 560 inscio
2062 494 2221 576 ipso
2280 492 2605 577 piissimo
2660 497 2986 575 auctore,

743 603 966 666 facile
1003 606 1474 668 monumenta
1522 601 1951 684 apocrypha
2011 619 2171 666 cum
2228 601 2587 684 genuinis,
2649 604 2996 682 corrupta

747 727 907 772 cum
939 709 1241 790 integris
1277 707 1619 772 confundi
1686 716 2101 790 potuerunt:
2174 707 2591 772 Bonifacius
2651 709 2725 772 in
2787 707 2996 773 Seoeto

745 816 1220 880 Decretalium
1285 815 1578 879 minime
1642 815 1957 879 intendit
2029 815 2423 897 genuinam
2494 819 2567 878 et
2629 815 2997 896 integram

748 921 1107 986 conficere
1145 921 1650 1000 collectionem
1717 919 2353 1004 constitutionum,
2420 938 2609 1004 quae
2644 940 2689 984 a
2724 919 2997 1003 Grego-

745 1027 855 1092 rio
913 1027 1018 1091 IX
1075 1026 1169 1091 ad
1203 1044 1335 1091 sua
1391 1045 1616 1110 usque
1680 1031 2012 1110 tempora
2067 1028 2361 1092 fuerant
2412 1028 2833 1110 evulgatae,
2872 1027 3004 1091 sed

749 1133 960 1199 unice
1015 1135 1374 1216 praebere
1426 1133 1658 1199 voluit
1710 1136 2294 1217 supplementum
2326 1134 2450 1200 vel
2514 1134 3000 1218 appendicem

749 1259 881 1324 pro
911 1241 1078 1322 jure
1114 1239 1423 1322 vigenti;
1459 1241 1630 1304 hinc
1685 1241 1841 1323 ipse
1896 1241 2315 1305 Bonifacius
2362 1241 2437 1305 in
2494 1238 2709 1305 Oons.
2750 1239 2999 1306 Sacro·

750 1355 1032 1412 sanctae
1079 1346 1459 1428 Ecclesiae,
1513 1366 1656 1431 qua
1713 1348 2059 1429 probavit
2116 1365 2322 1413 suam
2374 1348 2995 1430 compilationem,

687 1495 694 1507 ·
753 1455 1006 1537 aperte
1039 1455 1312 1519 fatetur
1327 1456 1574 1537 plures
1611 1457 1847 1519 factas
1884 1455 2109 1519 fuisse
2130 1454 2619 1519 detractiones
2655 1455 2782 1520 vel
2802 1452 3002 1518 addi—

752 1562 985 1626 tiones
1022 1563 1502 1626 monumentis
1538 1563 1612 1626 in
1637 1562 1767 1626 illa
1794 1562 2361 1644 comprehensis:
2392 1563 2863 1629 clementinae
2884 1561 3001 1624 de·

751 1669 970 1751 nique
1005 1687 1048 1734 a
1083 1667 1453 1734 Clemente
1488 1669 1550 1734 V
1585 1669 1946 1733 conflatae
2003 1676 2077 1732 et
2112 1687 2155 1731 a
2207 1668 2249 1733 J
2255 1686 2490 1733 oanne
2526 1667 2741 1732 XXII
2778 1667 3007 1733 divul-

753 1785 994 1859 gatae,
1053 1777 1268 1858 Juxta
1337 1777 1380 1841 J
1387 1795 1698 1842 oannem
1777 1777 2220 1860 Andraeam,
2301 1779 2727 1842 historicum
2813 1777 3009 1842 illius

756 1885 1044 1967 aetatiS,
1084 1902 1229 1949 non
1289 1885 1637 1949 exhibent
1682 1889 2148 1949 monumenta
2204 1883 2510 1949 Concilii
2567 1883 3007 1949 Viennensis

756 1993 933 2056 vere
967 1999 1039 2055 et
1069 1992 1364 2074 proprie
1394 1993 1595 2074 talia,
1652 1993 1899 2075 qualia
1958 1993 2252 2057 fuerunt
2306 1993 2382 2057 in
2439 1993 2629 2057 dicto
2688 1992 3004 2056 concilio

757 2097 1061 2181 statuta,
1093 2099 1222 2172 sed
1257 2099 1582 2180 ejusdem
1641 2099 2032 2165 Clementis
2092 2100 2154 2166 V
2214 2102 2653 2184 auctoritate
2710 2104 2785 2164 et
2840 2117 3005 2182 pru·

759 2207 1006 2270 dentia
1043 2207 1455 2270 modificata
1521 2212 1596 2272 et
1642 2208 1793 2290 juri
1840 2208 2304 2292 praevalenti
2358 2207 2685 2292 practice
2721 2224 3007 2272 accom-

757 2313 1076 2377 modata.
1816 2296 1822 2300 ⁴

938 2421 1171 2487 Aliter
1201 2421 1601 2504 judicanda
1631 2425 1742 2486 est
1775 2439 1934 2506 rest,
1956 2423 2017 2486 si
2054 2422 2142 2487 de
2192 2421 2413 2504 legali
2450 2421 2709 2486 harum
2744 2422 3006 2488 collec-

761 2531 1039 2596 tionum
1068 2532 1143 2597 vi
1169 2549 1403 2597 sermo
1439 2531 1558 2614 sit,
1590 2531 1931 2614 quoniam
1966 2531 2097 2595 sub
2134 2536 2437 2613 aspectu
2453 2530 2773 2617 juridico
2808 2547 3009 2614 spec-

765 2642 970 2703 tatae
1005 2642 1336 2707 valorem
1370 2658 1669 2723 prorsus
1696 2643 2068 2705 inversum
2092 2639 2625 2721 praeseferunt.
2652 2620 3004 2721 'Comper-

764 2750 914 2811 tum
969 2756 1080 2812 est
1145 2751 1336 2843 enim
1397 2750 1868 2814 collectiones
1923 2750 2581 2831 Extravagantium
2638 2764 3007 2829 nunquam

764 2857 1137 2938 pontificia
1168 2858 1543 2922 sanctione
1578 2858 1801 2921 fuisse
1866 2857 2177 2922 munitas
2214 2865 2585 2939 tamquam
2650 2854 3005 2919 authenti-

766 2982 916 3047 cas,
947 2983 1181 3047 neque
1217 2967 1663 3049 approbatas
1700 2966 1925 3030 veluti
1976 2964 2262 3029 codices
2324 2964 2593 3046 legum;
2652 2963 2856 3027 nulla
2907 2961 3006 3026 id·

765 3073 962 3135 circo
997 3074 1220 3157 legali
1255 3075 1693 3138 auctoritate
1727 3073 2008 3156 pollent
2046 3073 2121 3138 vi
2148 3071 2635 3154 collectionis,
2676 3070 3007 3153 quamvis

766 3182 842 3245 in
874 3183 1090 3263 praxi
1124 3182 1484 3245 communi
1519 3181 1934 3245 scholarum
1969 3185 2040 3244 et
2092 3179 2532 3262 judiciorum
2571 3196 2703 3243 usu
2763 3196 3009 3261 recep-

769 3296 890 3354 tae
925 3291 1068 3353 sint
1099 3293 1402 3374 propter
1437 3289 1789 3372 originem
1818 3295 2039 3371 atque
2075 3287 2571 3369 integritatem
2598 3302 3009 3351 monumen-

769 3401 1037 3461 torum.

946 3502 1087 3569 Sed
1123 3511 1271 3569 tres
1306 3504 1588 3588 priores
1623 3504 2180 3587 compilationes
2232 3502 2592 3585 Gregorii,
2656 3500 3015 3566 Bonifacii

773 3619 845 3679 et
879 3612 1268 3679 Clementis
1305 3633 1554 3680 omnes
1588 3619 1856 3680 norunt
1910 3614 2350 3680 auctoritate
2382 3613 2505 3679 vel
2540 3610 2879 3693 Gregorii
2912 3610 3016 3676 IX

773 3722 1306 3789 Constitutione
1340 3725 1493 3789 Rem
1533 3726 1895 3811 pacificae,
1951 3724 2075 3789 vel
2107 3723 2468 3789 Bonifacii
2531 3721 2703 3787 VIII
2766 3720 3010 3787 Const.

772 3832 1270 3897 Sacro-sanctae
1295 3831 1669 3913 Ecclesiae,
1736 3832 1860 3897 vel
1920 3832 1963 3896 J
1970 3832 2225 3895 oannis
2260 3829 2472 3894 XXII
2534 3827 2779 3894 Const.
2844 3828 3017 3905 Quo-

773 3938 964 4002 niam
997 3939 1211 4020 nulla,
1247 3938 1470 4003 fuisse
1502 3939 1917 4021 publicatas
1954 3944 2025 4001 et
2060 3943 2431 4019 tamquam
2453 3935 2743 4000 codices
2779 3937 3021 4017 legum

775 4046 1442 4113 ecclesiasticarum
1476 4049 1919 4131 propositas;
1960 4054 2354 4129 eapropter
2386 4051 2861 4111 monumenta
2898 4048 3023 4109 aut

776 4170 1092 4219 canones
1128 4156 1201 4219 in
1234 4156 1434 4221 hisce
1498 4155 2051 4221 collectionibus
2099 4153 2342 4236 relati,
2398 4153 2573 4218 licet
2633 4153 2723 4217 de
2756 4170 2839 4217 se
2877 4171 3024 4218 non

775 4262 1100 4329 habeant
1136 4264 1285 4329 vim
1316 4263 1502 4347 legis
1540 4264 2115 4345 ecclesiasticae,
2154 4262 2275 4328 vel
2313 4261 2406 4327 ad
2438 4279 2793 4327 summum
2829 4261 3025 4328 inter
