3332 5100
1590 294 1945 353 -196-

662 440 813 505 tum
846 436 918 503 S.
956 435 1195 503 Siricii
1227 455 1417 503 anno
1474 437 1606 503 385
1665 436 2055 520 expeditae
2112 440 2305 519 sunt;
2351 438 2899 523 pogesii-iciunae

661 546 841 613 vero
874 549 1234 612 vocantur
1266 562 1457 629 quae
1514 562 1559 609 a
1614 542 1884 635 Sancto
1943 543 2200 611 Siricio
2267 544 2362 611 ad
2421 544 2608 611 haec
2671 563 2902 630 usque

663 655 1000 737 tempora
1033 652 1273 719 editae
1309 652 1629 719 fuerunt.
1656 652 1863 719 Haec
1887 653 2152 718 iterum
2211 651 2772 719 subdividuntur
2825 653 2902 718 in

662 758 1092 826 Decretales
1126 759 1222 825 ad
1250 758 1295 825 J
1302 778 1384 826 us
1422 764 1635 826 vetus
1659 760 1784 826 vel
1809 759 1905 824 ad
1933 759 1977 825 J
1983 778 2064 825 us
2096 777 2369 827 novum
2417 761 2896 844 pertinentes.

842 866 993 932 176.
1090 865 1383 950 Septem
1417 870 1937 933 enumerantur
1971 866 2403 933 Decretales
2452 868 2902 934 antesiricia-

663 990 829 1055 nae3
866 973 994 1038 sed
1018 978 1387 1057 postrema
1420 974 1920 1039 tantummodo
1982 978 2056 1038 ut
2089 974 2514 1039 authentica
2561 974 2900 1040 habetur:

664 1081 942 1164 scripta
971 1081 1107 1145 fuit
1142 1080 1325 1166 (353)
1366 1099 1410 1145 a
1443 1081 1793 1145 Pontiflce
1818 1080 2107 1145 Liberio
2143 1082 2239 1146 ad
2268 1080 2569 1147 Hosium
2634 1080 2902 1147 Cordu-

663 1188 961 1253 bensem
986 1188 1233 1270 gratia
1267 1188 1691 1253 consulendi
1724 1188 1915 1253 hunc
1970 1188 2525 1255 celeberrimum
2577 1188 2746 1253 fidei
2800 1190 2906 1254 ni-

667 1311 943 1359 caenae
968 1299 1404 1359 assertorem
1430 1296 1519 1359 de
1552 1294 2049 1360 nominatione
2081 1296 2446 1366 Vincentii
2472 1300 2546 1359 et
2599 1295 2906 1361 Marcel-

663 1403 741 1483 li,
807 1421 987 1487 quos
1019 1403 1301 1485 legatos
1330 1404 1628 1468 miserat
1661 1402 1758 1467 ad
1820 1401 2220 1468 Concilium
2277 1403 2710 1468 Arelatense
2770 1421 2906 1487 pro

667 1509 1042 1575 doctrinae
1079 1509 1487 1575 catholicae
1522 1510 1970 1575 defensione.
2037 1509 2109 1575 S.
2169 1509 2654 1593 Hieronymus
2709 1527 2908 1575 men-

666 1618 937 1683 tionem
975 1617 1064 1682 de
1098 1634 1187 1683 ea
1220 1617 1402 1682 facit
1428 1619 1501 1682 et
1537 1618 1630 1682 ab
1656 1618 1986 1683 omnibus
2015 1617 2244 1683 veluti
2275 1618 2594 1700 genuina
2643 1617 2908 1700 recipi-

667 1727 808 1791 tur.

842 1832 1273 1899 Decretales
1299 1832 1854 1917 postsiricianas
1908 1831 2002 1895 ad
2069 1833 2400 1898 veterem
2448 1831 2911 1915 disciplinam

668 1944 1195 2007 concernentes
1242 1941 1655 2007 summatim
1710 1939 2210 2021 subJungimus
2267 1940 2599 2022 sequenti
2655 1956 2905 2005 censu:

844 2048 1088 2113 Prima
1122 2052 1194 2113 et
1220 2049 1622 2131 potissima,
1642 2064 1822 2129 prae
1856 2047 2188 2111 omnibus
2223 2052 2626 2111 memoratu
2659 2046 2908 2130 digna,

670 2160 781 2222 est
813 2156 1225 2221 Decretalis
1253 2155 1503 2221 Sancti
1539 2154 1778 2220 Siricii
1813 2153 1907 2218 ad
1932 2153 2375 2218 Hicmerium
2411 2153 2912 2218 Tarraconen·

670 2282 823 2329 sem
856 2263 1067 2349 (385).
1106 2263 1285 2328 Tam
1321 2263 1566 2346 magni
1600 2262 1948 2327 momenti
1975 2262 2457 2344 existimatur,
2479 2264 2582 2341 ut,
2617 2262 2791 2325 licet
2816 2262 2914 2326 ad

667 2372 1094 2456 Hispaniam
1130 2373 1413 2436 tantum
1476 2370 1783 2453 directa,
1849 2370 2367 2434 universaliter
2427 2368 2745 2433 admissa
2801 2370 2914 2433 est

668 2484 1039 2564 tamquam
1108 2478 1231 2543 lex
1288 2479 1509 2543 totius
1573 2477 1981 2542 Ecclesiae.
2047 2475 2349 2542 Constat
2405 2476 2488 2541 16
2551 2476 2912 2560 capitibus

669 2587 868 2652 circa
904 2586 1311 2651 doctrinam
1346 2591 1418 2650 et
1448 2586 1913 2669 disciplinam
1940 2586 2432 2671 versantibus.

848 2693 955 2760 22⁸
1045 2695 1378 2778 Epistola
1409 2694 1820 2762 Innocentii
1850 2693 1886 2758 I
1922 2692 2106 2777 (402)
2141 2693 2235 2757 ad
2267 2691 2666 2775 Episcopos
2734 2690 2913 2758 Con·

670 2802 820 2868 cilii
859 2802 1195 2867 Toletani
1250 2802 1309 2885 I,
1375 2801 1821 2867 consulentis
1876 2785 2346 2865 Praesulibus
2404 2799 2770 2884 Boeticae,
2792 2781 2808 2790 “
2835 2807 2918 2865 ut

670 2928 877 2976 suam
910 2910 1453 2976 schismaticam
1492 2908 1758 2992 agendi
1790 2909 2151 2973 rationem
2185 2907 2652 2990 deponerent,
2689 2911 2762 2973 et
2790 2908 2915 2972 ab·

662 3018 979 3100 jicerent
1033 3018 1699 3082 denominationem
1755 3017 2251 3101 luciferianum
2308 3015 2663 3081 adversus
2750 3016 2918 3080 reli-

673 3145 851 3210 quos
879 3124 1185 3191 Concilii
1216 3123 1617 3208 Episcopos
1652 3125 2077 3206 impactam,
2117 3140 2202 3186 eo
2247 3123 2439 3206 quod
2471 3123 2546 3187 in
2603 3139 2916 3187 commu-

671 3235 963 3299 nionem
995 3233 1560 3298 Priscilianistas
1595 3232 2048 3315 recepissent
2073 3234 2240 3313 post
2290 3230 2655 3313 publicam
2723 3247 2920 3295 erro-

672 3359 833 3406 rum
867 3339 1425 3422 abjurationem.

850 3448 956 3513 3.·
1046 3445 1295 3512 Sancti
1342 3445 1605 3512 Leonis
1640 3445 1886 3528 Magni
1913 3444 2006 3509 ad
2031 3444 2300 3509 Divum
2331 3443 2754 3509 Thuribium
2787 3443 2918 3529 As-

674 3555 1112 3623 turicensem
1148 3553 1358 3638 (447),
1390 3553 1465 3620 in
1497 3571 1641 3637 qua
1677 3553 1917 3636 agitur
1943 3552 2033 3617 de
2061 3551 2502 3617 necessitate
2531 3551 2922 3618 concilium

672 3663 1040 3731 indicendi
1067 3663 1161 3728 ad
1218 3660 1732 3746 extirpandam
1779 3660 2144 3725 haeresim
2204 3659 2916 3742 priscilianistarum:

674 3772 998 3838 continet
1023 3771 1105 3837 17
1134 3771 1404 3854 capita,
1425 3770 1684 3853 quibus
1717 3767 2258 3834 haereticorum
2275 3785 2564 3832 errores
2591 3767 2923 3850 plenissi-

673 3881 789 3945 me
823 3880 1258 3945 refutantur.
1330 3877 1571 3942 Aliam
1634 3877 1854 3940 etiam
1920 3874 2320 3959 Hispaniae
2377 3877 2453 3940 et
2517 3873 2926 3940 Galliarum

672 3987 1057 4070 Episcopis
1082 3986 1281 4052 dedit
1312 3985 1699 4069 epistolam
1737 3983 1922 4066 (454)
1959 4001 2091 4066 pro
2127 3982 2598 4066 praefigendo
2667 3981 2809 4066 die,
2843 3981 2926 4048 in

679 4111 825 4177 qua
855 4111 1047 4158 anno
1084 4092 1417 4177 sequenti
1441 4092 1729 4156 Pascha
1759 4092 1953 4156 foret
1987 4089 2530 4156 celebrandum.

852 4199 961 4265 4.⁸
1057 4199 1305 4265 Sancti
1369 4199 1632 4266 Hilarii
1700 4197 1794 4264 ad
1849 4198 2246 4264 Ascanium
2295 4196 2928 4264 Tarraconensem
