3332 5100
1653 309 2010 376 -312--

713 462 1075 546 vagantes
1109 455 1538 528 Communes
1575 461 1939 543 adjectum
1978 463 2088 524 est
2120 452 2454 544 sequenti
2480 454 2713 522 titulo:
2746 451 2962 522 Liber

713 569 1060 668 Septimus
1094 569 1570 634 Decretalium
1613 567 2188 634 Constitutionum
2222 566 2783 650 Apostolicarum
2836 565 2965 629 ad-

710 679 932 762 fectus
993 675 1088 740 ad
1132 676 1419 760 plenam
1483 682 1545 740 et
1595 675 1987 760 perfectam
2064 675 2271 740 Juris
2359 670 2743 758 Apostolici
2813 693 2965 758 coq-

713 783 1068 848 mitionem.

892 885 1323 970 Hujusmodi
1355 885 1652 952 Codex
1633 905 1707 952 1n
1742 905 1903 970 quo,
1938 889 2016 952 ut
2050 887 2449 953 observant
2482 885 2743 962 critici,
2773 845 2964 952 vitia

714 1011 862 1060 non
895 994 1209 1078 desunt,
1237 997 1313 1058 et
1374 994 1602 1058 multa
1663 995 1873 1058 utilia
1932 993 2461 1076 desiderantur,
2516 994 2965 1058 auctoritate

715 1101 939 1185 legali
974 1104 1201 1183 caret,
1234 1102 1486 1183 utpote
1519 1101 1776 1184 pivata
1827 1100 2183 1166 industria
2230 1102 2608 1166 conflatus.
2674 1099 2963 1183 Compi-

714 1209 909 1274 lator
939 1207 1470 1290 Lugdunensis,
1507 1207 1923 1272 methodum
1958 1207 2409 1272 collectionis
2447 1207 2957 1290 Gregorianae

716 1319 1091 1399 sequutae,
1131 1331 1310 1398 opus
1345 1331 1549 1380 suum
1583 1315 1657 1378 in
1692 1316 2011 1398 quinque
2039 1315 2266 1380 libros
2301 1316 2691 1399 distribuit,
2734 1317 2967 1382 libros

715 1423 794 1486 in
826 1423 914 1488 68
937 1423 1209 1505 tituloS,
1249 1422 1495 1486 titulos
1531 1427 1776 1486 autem
1809 1424 1884 1487 in
1918 1423 2046 1486 235
2080 1424 2348 1506 capita.

895 1527 1048 1593 287.
1147 1527 1288 1592 Sub
1322 1528 1751 1625 pontificatu
1786 1530 2000 1593 toties
2032 1530 2312 1594 laudati
2346 1529 2717 1594 Pontificis
2774 1528 2971 1594 Sixti

719 1636 806 1720 V,
843 1633 1686 1719 Laertius,Cherubinus',
1720 1637 1995 1719 primus
2032 1638 2349 1701 omnium
2382 1655 2515 1702 sua
2548 1637 2787 1700 studia
2821 1637 2973 1700 hac

717 1743 1118 1808 novissima
1150 1742 1193 1807 J
1200 1743 1348 1807 uris
1383 1744 1666 1826 epocha
1701 1746 2008 1810 contulit
2041 1744 2134 1808 ad
2168 1745 2619 1827 colligendas
2674 1743 2971 1808 Pontifi-

720 1867 884 1916 cum
946 1849 1541 1934 Constitutiones,
1594 1856 1668 1916 et
1725 1857 2110 1935 postquam
2160 1853 2651 1934 congessisset
2716 1869 2973 1915 omnes

718 1955 1175 2040 Decretales,
1214 1975 1394 2040 quas
1449 1959 1781 2042 reperire
1842 1962 2101 2043 potuit,
2168 1964 2381 2024 extra
2438 1957 2716 2041 Corpus
2768 1957 2813 2022 J
2821 1958 2973 2022 uris

719 2070 1080 2148 vagantes
1107 2084 1150 2129 a
1185 2063 1256 2130 S.
1295 2065 1538 2130 Leone
1573 2067 1837 2150 Magno
1866 2068 2217 2160 adipsum
2242 2067 2521 2133 Sixtum
2546 2067 2635 2150 V,
2666 2073 2973 2132 servato

719 2173 1070 2256 temporis
1106 2172 1383 2257 ordine,
1419 2175 1494 2238 in
1528 2192 1749 2239 unum
1780 2175 2128 2240 volumen
2155 2174 2463 2258 redegit,
2496 2173 2687 2257 quod
2722 2173 2973 2238 Bulla-

719 2281 906 2346 rium
938 2283 1392 2364 nuncupavit
1425 2289 1646 2366 atque
1681 2300 1871 2349 anno
1909 2282 2083 2348 1586
2116 2283 2249 2348 sub
2278 2282 2669 2367 pontificiis
2728 2280 2975 2363 auspi-

721 2388 853 2454 ciis
886 2388 964 2452 in
993 2389 1232 2454 lucem
1267 2390 1516 2455 edidit.
1553 2391 1838 2456 Deinde
1872 2410 2053 2476 opus
2120 2410 2326 2458 suum
2375 2391 2589 2458 novis
2624 2391 2975 2456 adhibitis

722 2497 914 2562 curis
949 2497 1251 2564 multum
1314 2499 1520 2564 auxit
1573 2499 1648 2563 in
1704 2498 2027 2565 secunda
2080 2500 2425 2584 editione,
2494 2517 2712 2584 quam
2774 2516 2974 2564 anno

723 2603 899 2669 1610
927 2603 1217 2670 Summo
1251 2605 1585 2681 Pontifici
1616 2607 1844 2673 Paulo
1880 2608 1941 2673 V
1977 2609 2261 2692 obtulit3
2298 2610 2427 2673 sed
2480 2627 2643 2675 cum
2699 2609 2976 2690 cogita·

720 2717 835 2775 ret
867 2712 1081 2794 huJus
1110 2713 1562 2779 collectionis
1597 2715 1861 2778 seriem
1893 2716 2265 2798 prosequi,
2320 2718 2552 2779 morte
2609 2731 2975 2797 praeven-

721 2826 862 2904 tuS,
891 2837 1048 2885 rem
1075 2826 1454 2903 praestare
1483 2840 1628 2885 non
1659 2822 1921 2905 potuit.

900 2926 1363 3013 Quapropter
1397 2930 1554 3011 ejus
1603 2929 1794 2994 filius
1828 2928 2153 3012 Angelus
2164 2923 2412 2994 Maria
2479 2884 2969 3010 Cherubinus,

721 3036 1118 3101 monachus
1155 3034 1608 3101 Cassinensis
1641 3037 1891 3119 plures
1933 3037 2117 3102 alias
2153 3035 2721 3103 constitutiones
2772 3036 2975 3119 adje-

724 3142 825 3207 cit
856 3159 1082 3226 usque
1119 3143 1213 3207 ad
1243 3143 1747 3209 Innocentium
1782 3142 1875 3226 X,
1916 3149 1989 3209 et
2018 3144 2420 3210 Bullarium
2480 3145 2789 3227 qu'atuor
2844 3163 2975 3209 vo-

722 3249 1112 3314 luminibus
1177 3252 1637 3333 compactum
1700 3252 1895 3335 typis
1960 3253 2279 3317 romanis
2352 3252 2690 3334 vulgavit
2770 3269 2969 3315 anno

727 3354 922 3419 1638.
953 3354 1140 3419 Huic
1163 3361 1422 3440 postea
1460 3360 1785 3441 quintum
1838 3360 2181 3425 volumen
2238 3359 2585 3425 addidere
2638 3356 2970 3439 Angelus

723 3480 769 3527 a
799 3460 1167 3527 Lantusca
1199 3467 1272 3528 et
1301 3454 1568 3530 Paulus
1597 3484 1640 3529 a
1688 3466 1939 3551 Roma,
1977 3467 2275 3533 Fratres
2310 3466 2626 3531 Minores
2686 3465 2775 3529 de
2826 3462 2978 3529 Ob-

721 3571 1124 3653 servantia,
1162 3571 1285 3653 qui
1320 3569 1891 3640 Constitutiones
1947 3574 2227 3640 Urbani
2261 3574 2434 3640 VIII
2490 3578 2564 3638 et
2619 3572 2979 3655 posterio-

721 3693 881 3742 rum
911 3675 1341 3751 Pontificum
1369 3697 1594 3763 usque
1621 3681 1718 3745 ad
1744 3680 2191 3747 Clementem
2218 3681 2286 3747 X
2321 3698 2511 3746 anno
2550 3679 2723 3745 1672
2770 3679 2978 3745 colli-

723 3800 899 3867 gere
934 3790 1308 3850 curarunt.

856 3890 1011 3955 288.
1108 3889 1250 3956 Sed
1275 3892 1348 3956 in
1379 3893 1815 3976 quaerendis
1849 3899 2068 3978 atque
2104 3896 2585 3979 congerendis
2613 3895 2976 3979 ejusmodi

723 3998 1211 4065 Romanorum
1268 4000 1697 4088 Pontificum
1753 4004 2237 4069 monumentis
2327 4005 2640 4069 omnium
2729 4002 2975 4071 indus-

725 4111 942 4175 triam
974 4111 1355 4194 superavit
1385 4111 1873 4195 Hieronymus
1920 4112 2367 4197 Maynardus
2414 4114 2537 4197 qui
2568 4112 2973 4181 Bullarium

721 4222 1427 4307 praestantissimum
1494 4224 1925 4309 cognomine
1976 4224 2307 4311 Maynum
2377 4222 2647 4291 Romae
2716 4222 2965 4293 edidit.
