3332 5100
1314 373 1628 454 453...

339 539 675 622 pristinis
688 539 1065 605 Ecclesiae
1100 539 1545 621 temporibus
1571 539 1976 622 apostolico
2003 543 2398 624 praecepto
2426 539 2592 606 fide-

339 646 537 710 libus
571 647 937 729 imposita,
967 663 1059 709 ne
1087 645 1677 727 superstitionem
1705 646 2126 728 gentilicam
2152 647 2423 712 imitari
2470 647 2594 712 vel

339 748 795 841 participare
830 743 1279 834 viderentur,
1331 753 1737 816 communio
1775 753 1906 816 sub
1944 758 2251 837 utraque
2317 755 2589 837 specie,

344 860 440 924 de
469 878 611 942 qua
636 859 917 942 loquuti
942 878 1209 940 sumus,
1244 877 1376 941 per
1405 857 1750 923 Sanctum
1779 857 2144 924 Gelasium
2174 861 2596 926 Pontificem

342 966 619 1030 Romae
655 965 1147 1048 praescripta,
1184 970 1262 1029 ut
1295 965 1708 1030 Manichaei
1769 968 1814 1030 a
1851 966 2278 1032 Christianis
2347 968 2594 1032 distin-

341 1075 772 1153 guerentur,
805 1076 1024 1154 atque
1057 1071 1161 1134 ita
1211 1071 1506 1134 illorum
1540 1072 1842 1137 vafritia
1903 1073 2391 1156 detegeretur,
2430 1091 2593 1156 pro-

338 1178 602 1242 hibitio
640 1196 807 1243 usus
848 1178 1097 1242 calicis
1125 1196 1256 1260 pro
1287 1178 1495 1242 laicis
1532 1180 1623 1243 ab
1649 1179 1986 1244 Ecclesia
2014 1182 2169 1262 jam
2199 1200 2245 1245 a
2298 1179 2592 1244 saeculo

341 1283 522 1348 XIV
558 1288 815 1348 contra
849 1282 1283 1348 Bohaemios
1321 1283 1644 1367 decreta,
1687 1288 1760 1350 et
1792 1291 2056 1368 postea
2097 1286 2390 1351 saeculo
2427 1284 2598 1350 XVI

344 1392 441 1456 ob
476 1391 930 1456 Novatorum
964 1389 1326 1454 haeresim
1352 1389 1669 1470 iterata..

529 1497 935 1579 Disciplina
956 1505 1301 1582 perpetua
1354 1497 1459 1561 sic
1495 1498 1692 1562 dicta
1721 1517 1814 1562 ex
1877 1517 1961 1564 eo
2020 1500 2212 1582 quod
2265 1500 2597 1566 instituta

343 1602 444 1667 sit
475 1621 607 1685 pro
645 1609 969 1684 tempore
994 1603 1396 1683 indefinite,
1437 1608 1509 1668 et
1544 1604 1871 1686 qualibet
1909 1611 2157 1670 aetate
2210 1624 2597 1689 rerumque

344 1710 715 1792 adjunctis
746 1729 948 1774 usum
983 1716 1056 1775 et
1089 1712 1421 1793 vigorem
1455 1711 1702 1775 sortiri
1759 1712 2048 1796 debeat,
2115 1715 2317 1778 recte
2376 1720 2596 1800 atque

344 1821 428 1884 in
493 1835 709 1882 sensu
746 1817 1130 1902 catholico,
1168 1819 1714 1901 perspicuitatis
1750 1821 1990 1901 gratia
2023 1825 2095 1884 et
2141 1822 2427 1886 ratione
2476 1820 2597 1885 du·

344 1926 565 2011 plicis
600 1927 895 2009 obJecti,
929 1927 1127 1990 circa
1195 1925 1389 2008 quod
1415 1933 1786 2009 versatur,
1816 1927 2133 2011 dispesci
2156 1929 2494 1994 usuvenit
2527 1929 2603 1993 in

344 2035 704 2100 internam
730 2039 802 2097 et
827 2040 1212 2116 eoeternam,·
1238 2035 1533 2098 nomine
1569 2035 1884 2099 internae
1932 2036 2364 2117 intelligitur
2413 2053 2602 2119 quae

347 2141 702 2224 primario
730 2141 1045 2204 refertur
1075 2141 1167 2203 ad
1194 2140 1332 2204 Dei
1361 2142 1633 2204 cultum
1665 2144 1739 2204 et
1763 2141 2139 2225 honorem,
2169 2143 2604 2208 Divinorum

348 2248 866 2329 Mysteriorum
901 2248 1503 2330 celebrationem,
1543 2265 1790 2311 rerum
1856 2266 2235 2313 sacrarum
2297 2251 2599 2332 dignita-

351 2359 505 2418 tem
532 2371 619 2417 ac
645 2355 1161 2436 reverentiam,
1196 2359 1268 2417 et
1295 2354 1644 2436 quidquid
1668 2355 1743 2417 in
1761 2355 2014 2419 ordine
2041 2375 2319 2421 morum
2361 2374 2602 2421 essen-

350 2461 532 2530 tiale
567 2462 1049 2542 existimatum
1093 2460 1683 2526 denominatione
1703 2469 2029 2528 externae
2062 2465 2400 2528 subaudit
2415 2482 2602 2546 quae

353 2571 635 2635 directe
664 2578 1046 2635 externum
1096 2554 1487 2636 'Ecclesiae
1547 2572 1875 2652 regimen
1910 2572 2235 2654 respicit,
2278 2573 2383 2635 uti
2416 2574 2603 2636 elec-

350 2682 631 2745 tionem
666 2687 748 2743 et‘
786 2681 1417 2763 consecrationem
1481 2697 1960 2762 personarum
2025 2679 2603 2743 ecclesiasticam

352 2788 850 2855 hierarchiam
884 2789 1514 2870 constituentium,
1556 2806 1807 2851 earum
1843 2788 2353 2851 auctoritatem
2384 2796 2603 2869 atque

353 2899 911 2980 immunitatem,
941 2897 1247 2980 judicia,
1295 2898 1484 2961 bona
1516 2897 1954 2978 temporalia
1981 2896 2387 2975 Ecclesiae,
2426 2895 2600 2958 alia-

359 3026 500 3091 que
536 3009 610 3072 id
644 3026 896 3091 genus,
1914 3016 1920 3024 '

537 3115 650 3179 49.
748 3115 833 3179 In
868 3113 1255 3198 disciplina
1304 3113 1582 3178 interna
1622 3129 2010 3176 secernere
2076 3114 2366 3193 oportet
2427 3108 2607 3175 illud

362 3224 555 3306 quod
589 3227 699 3288 est
731 3222 1183 3288 substantiale
1214 3221 1306 3284 ab
1329 3238 1431 3284 eo
1491 3219 1685 3302 quod
1719 3221 1914 3284 mere
1949 3219 2446 3284 caeremoniale
2478 3236 2608 3283 seu

362 3332 791 3398 accidentale
826 3330 1278 3403 aestimatum
1318 3328 1627 3410 primum
1681 3329 1968 3392 omnino
2002 3327 2451 3390 immutabile
2483 3326 2607 3389 ha-

363 3440 681 3504 bendum
718 3443 852 3522 est,
892 3440 1204 3503 alterum
1239 3438 1372 3500 sub
1410 3436 1928 3500 mutationibus
1965 3437 2040 3499 et
2095 3434 2608 3500 vicissitudini·

364 3551 495 3615 bus
532 3548 758 3613 cadit.
2288 3539 2299 3554 *

545 3655 686 3721 Sed
712 3654 1087 3738 quaeritur
1113 3653 1285 3736 quid
1318 3652 1458 3716 hac
1499 3650 1860 3715 communi
1895 3647 2389 3731 appellatione
2423 3646 2611 3711 sabs-

368 3766 659 3830 tantiale
699 3758 1399 3846 comprehendatur?
1434 3759 1546 3823 Ad
1582 3776 1867 3823 omnem
1934 3755 2456 3820 dubitationem
2490 3754 2613 3820 vel

371 3874 888 3936 obscuritatem
924 3871 998 3934 in
1027 3888 1107 3934 re
1142 3888 1287 3933 non
1316 3868 1561 3949 exigui
1625 3865 1972 3930 momenti
2036 3864 2457 3947 tollendam,
2497 3880 2612 3929 ca-

371 3982 744 4064 thegorice
781 3981 1166 4044 statuimus
1198 3983 1269 4041 et
1304 3976 1650 4059 explicite
1685 3974 2073 4038 asserimus
2106 3980 2416 4054 quatuor
2452 3988 2611 4061 estse

373 4092 772 4172 praecipua
801 4089 1070 4169 capita,
1125 4103 1315 4169 quae
1370 4091 1656 4167 partem
1715 4081 2268 4146 substantialem
2297 4079 2611 4161 discipli-

375 4218 510 4264 nae
538 4202 873 4264 internae
911 4197 1385 4263 constituunt:
1421 4192 1521 4258 1.⁰
1548 4192 1827 4256 Praxes
1854 4190 2239 4273 liturgicae
2266 4188 2614 4259 divinitus

379 4310 777 4394 institutae,
817 4309 995 4391 puta
1064 4308 1361 4390 oblatio,
1424 4302 1656 4369 verba
1725 4302 2320 4384 consecrationiS‚
2354 4302 2615 4365 fractio
